3059 4984
383 274 640 343 CARMINUM
663 275 807 343 LIBER
830 276 878 345 11.
905 280 956 344 19.
1226 277 1288 347 llo

37 413 159 481 Cornu
175 413 334 493 decorum,
349 411 461 480 leniter
474 424 610 481 atterent
817 415 862 481 30
871 415 1287 477 mmmmm-udum

85 501 248 580 cauam,
263 500 481 567 ermanno.
496 500 636 587 dungo
871 481 1191 660 ffip‘ssffi‘ffi
1206 485 1288 598 ,l‘ssss

133 587 207 653 Ore
220 588 328 675 peden,
344 588 506 674 tetigitque
519 609 622 655 crure.

538 723 807 774 Annornrromis.

38 816 198 872 adnotanm,
209 816 326 863 cerberua
333 815 397 862 ultro
404 823 471 862 mum
481 814 577 862 Numen
585 829 653 863 rere·
685 814 747 863 tltit:
767 816 878 864 Noachua
892 824 1012 878 requenter
1024 824 1050 864 et
1063 817 1199 866 conciliator
1209 818 1287 867 Deum

38 881 100 926 ritua
111 889 159 936 ert,
171 881 253 928 caudi
264 880 423 927 lenitermoti
436 880 567 936 blandiena,
584 880 653 928 tibiae
685 879 748 928 inter
761 888 787 928 et
799 882 915 938 hominen,
932 883 1015 930 audire
1032 883 1133 930 meruit:
1150 884 1204 931 Non
1220 890 1288 931 eruat

38 945 362 1007 edmetpedealambeua.
391 945 652 1007 DeCerberopluraad
684 947 751 993 ultro
771 963 837 1009 oqaae
856 949 946 1003 diluvii,
967 948 1000 994 od
1019 949 1139 996 ᾰεῑειιάιιη
1159 952 1289 997 anioem

39 1012 85 1057 0d.
99 1010 140 1058 l&
152 1012 232 1072 hqiua
242 1010 304 1067 libri,
314 1013 358 1056 rub
369 1009 449 1057 linem.
685 1026 793 1058 eorm.-
804 1012 869 1069 item,
880 1013 967 1059 Pom
975 1028 1053 1060 oram
1063 1014 1288 1070 mniaubibur,

70 1077 154 1123 Amo
167 1077 251 1123 (ἔπι
261 1071 387 1136 horum]
412 1076 508 1122 cornua
517 1075 655 1122 tribuuntur
685 1078 775 1138 eritque
783 1074 976 1139 rigeonsoederir
984 1080 1045 1126 inter
1052 1094 1086 1127 ne
1094 1085 1117 1127 et
1125 1081 1187 1126 inter
1195 1087 1288 1127 mon.

40 1140 144 1198 herb,
159 1141 232 1201 quod
246 1140 400 1187 immoderate
410 1140 655 1201 bibenteaquemlibet
687 1142 773 1188 Genea.
785 1157 835 1203 oep.
847 1144 870 1191 9.
882 1142 921 1190 oit.

37 1206 137 1253 ὡνὶιιω
148 1206 229 1253 tertre
239 1206 336 1252 eoleant.
361 1205 432 1252 Unde
442 1214 466 1252 et
475 1213 542 1252 tauro
552 1205 655 1252 aimilem
719 1206 790 1258 Quod
807 1207 827 1254 ai
846 1207 954 1269 Moysen,
971 1207 1068 1263 Joauen,
1088 1214 1113 1254 et
1129 1223 1182 1267 que
1199 1209 1230 1255 ad
1247 1223 1288 1256 eoa

38 1271 141 1327 indunt,
153 1271 233 1331 qnod,
243 1271 342 1331 perinde
351 1279 378 1316 ut
387 1269 435 1326 ille,
446 1270 539 1317 bibaeee
549 1271 598 1317 rint
605 1271 653 1317 ira·
685 1271 813 1332 pertinent,
822 1272 970 1319 eonserumua
980 1287 1034 1319 enm
1041 1272 1072 1332 ila
1083 1287 1137 1333 qne
1149 1273 1241 1320 Baccho
1249 1289 1288 1322 aa·

37 1337 120 1392 tundi,
139 1336 250 1398 petulci:
272 1342 331 1382 teate
348 1335 471 1391 Athenaeo,
489 1336 530 1381 lib.
543 1334 565 1382 l.
599 1335 654 1382 Non
685 1336 764 1396 alguat
775 1337 895 1394 Horatiua,
911 1338 995 1384 eadem
1009 1338 1288 1399 proprieeraeegnoaee·

37 1400 188 1448 inridetur
205 1401 238 1447 ad
254 1415 304 1447 rem
316 1401 381 1461 quod
398 1415 428 1447 ex
444 1401 528 1447 eodem
539 1401 654 1448 Atheneo
685 1415 746 1448 mna.
780 1402 876 1463 bloyaer
893 1402 919 1449 in
937 1402 1019 1449 Monte
1041 1403 1099 1449 snt
1115 1411 1222 1465 acceptae
1242 1403 1287 1451 Del

37 1467 149 1514 efferunt
171 1466 282 1527 quidam,
302 1480 390 1512 oornua
410 1479 453 1526 pro
471 1466 561 1526 puerilia
582 1465 654 1512 iuiaae
685 1466 749 1526 leger
756 1468 844 1528 populo
853 1467 955 1514 Hebraeo
963 1466 1057 1529 perfert.
1076 1468 1288 1531 Boecbwinrupi·

37 1532 110 1586 edm
121 1546 174 1579 nee
185 1531 262 1592 quod,
273 1545 303 1577 ex
314 1530 418 1577 Diodoro
428 1531 468 1576 lib.
479 1530 502 1577 4.
513 1531 603 1592 primur
614 1530 654 1577 ille
687 1533 728 1578 lm
738 1533 781 1579 Sat
844 1539 867 1580 et
877 1533 1000 1595 Nymphae
1010 1534 1081 1580 docet.

37 1603 128 1643 &rrum
135 1596 237 1657 junctia
247 1598 321 1642 bobua
331 1596 474 1643 exercuerit:
489 1597 565 1642 multo
575 1596 654 1644 minda
719 1596 739 1643 B
813 1600 912 1660 tbyrrur,
920 1598 977 1658 quid
985 1597 1050 1644 uliud
1059 1600 1130 1657 quim
1138 1595 1205 1657 virga
1216 1597 1287 1660 Moy-

37 1663 103 1722 quod
119 1662 195 1708 idem
207 1660 265 1707 alibi
276 1661 316 1716 ait,
333 1669 458 1707 cornutum
468 1660 515 1707 diei
527 1661 654 1718 bacchum,
685 1660 735 1708 rial
752 1662 798 1708 Per
805 1662 867 1710 hane
875 1671 967 1725 patrata
975 1667 1037 1709 certe
1046 1661 1160 1724 prodigia,
1169 1678 1212 1723 per
1220 1663 1288 1710 illum

36 1729 68 1773 ob
85 1741 199 1774 acumen
221 1726 246 1772 ln
265 1725 425 1786 exoogitendia
443 1728 513 1773 rebua
531 1727 562 1772 ad
580 1726 654 1773 vitam
685 1726 968 1774 aimiliterioetornentiti
979 1735 1041 1773 aunt.

37 1793 149 1840 nn'nnm
721 1792 777 1838 rae
785 1789 881 1853 sontem,
896 1793 964 1839 laetis
977 1795 1044 1849 rioor,
1060 1793 1106 1839 arel
1118 1793 1217 1848 stillano,
1235 1792 1288 1853 qula

70 1855 388 1917 GammMoydr
395 1855 467 1903 libror
474 1855 539 1903 haud
546 1854 655 1904 Ethnieir
686 1870 734 1904 nou
744 1857 862 1917 intelligat
877 1857 940 1913 tiete,
957 1858 994 1903 rel
1009 1872 1039 1904 ex
1054 1857 1169 1918 promiaai
1180 1858 1288 1905 Hebroeia

37 1923 183 1970 minua
192 1920 469 1981 inoognitoaiuieaealibi
476 1921 572 1981 quidem
579 1936 654 1968 enno-
686 1922 749 1968 terri
764 1922 825 1969 lecte
836 1929 860 1968 et
869 1924 939 1969 melle
950 1929 1075 1976 manante;
1093 1922 1130 1968 vel
1145 1937 1175 1968 ex
1189 1922 1288 1970 erutiae

38 1988 163 2035 terimur
174 1986 237 2033 inde
246 1989 302 2033 verb
311 1987 422 2047 pleraque
430 1986 479 2032 reri
490 1985 534 2032 Dei
542 1986 656 2034 miraculo
686 1986 751 2033 tilioe
759 2001 802 2047 per
810 1986 911 2048 Moysen
919 1986 987 2047 oquin
995 1986 1004 2032 l
1022 1986 1095 2046 Virga
1103 1986 1193 2047 Moyaia
1201 1985 1227 2033 iu
1238 2002 1288 2033 aer·

38 2053 180 2114 expirato·
196 2051 349 2112 imitataeque
366 2050 507 2098 iobulatorea
522 2050 586 2097 falaia
602 2050 654 2098 Nu·
685 2058 782 2112 pentem
803 2066 877 2107 verro,
904 2058 929 2098 et
948 2051 1000 2098 aine
1021 2051 1108 2097 domm
1134 2052 1288 2112 apprehensa,

38 2116 500 2172 minibmetBeroibuaauiaeffinxiaae,
508 2115 592 2163 reiolua
601 2116 654 2176 qui·
686 2130 783 2177 rerpena
797 2117 854 2163 item
872 2131 952 2163 eneua
968 2116 994 2162 in
1008 2116 1102 2163 deaerto
1114 2116 1183 2177 Juaau
1197 2116 1288 2177 Moyaia

40 2182 103 2229 libet
113 2183 157 2228 rix
167 2183 273 2240 ignorat¹
306 2181 339 2228 At
354 2183 409 2228 edm
423 2181 449 2227 ld
463 2181 557 2228 abunde
571 2182 654 2241 probet
686 2189 792 2228 erectua:
810 2181 886 2228 Exod.
899 2181 921 2227 d
934 2182 976 2227 dre.
993 2195 1071 2227 nonne
1082 2181 1160 2227 locum
1171 2181 1289 2228 dederunt

39 2256 67 2294 et
84 2248 202 2295 mom
213 2248 251 2293 rel
263 2261 310 2293 uua
323 2246 374 2293 hec
385 2246 444 2301 Ode,
462 2261 510 2293 non
520 2253 557 2292 eat
571 2246 655 2294 leviter
685 2247 772 2307 olperia
788 2255 812 2293 et
826 2246 942 2306 anguibus
959 2246 1104 2293 Baccharum
1119 2249 1193 2293 orirer
1208 2246 1288 2307 impli-

39 2313 263 2374 prnermittendu,
274 2312 331 2372 qnin
339 2326 389 2358 rem
397 2311 492 2374 penitda
500 2311 655 2368 excutiamur,
687 2311 755 2358 oandi
765 2308 908 2372 rinefroode
918 2311 1014 2370 quidem
1026 2318 1049 2357 et
1059 2311 1177 2357 eo‘e‘reendl
1188 2312 1201 2356 ἲ
1233 2312 1288 2358 Jam

39 2387 117 2442 atque
128 2379 207 2440 paulo
217 2376 315 2424 otiorida
325 2376 476 2438 impieiemua
487 2382 511 2423 et
523 2383 654 2437 peracrute·
687 2375 777 2423 domito
795 2377 887 2423 Baccho
901 2377 1000 2436 fiumina
1019 2375 1144 2436 ipsumque
1161 2391 1231 2432 more,
1251 2375 1289 2422 uel

39 2458 104 2500 mr.
142 2443 279 2498 Enimvero
289 2450 378 2503 quantu
388 2449 412 2488 et
422 2450 480 2502 quot
494 2440 656 2488 attribuuntur
686 2440 840 2503 lippientibua
851 2442 979 2488 ostendunt
987 2440 1098 2489 iordanis
1106 2441 1226 2501 Marisque
1235 2441 1288 2487 nu-

41 2509 150 2572 Bpoelro,
161 2521 221 2572 qnae
231 2507 270 2553 rel
279 2506 369 2553 Noaohi
379 2514 442 2562 aunt,
453 2506 489 2552 vel
501 2505 574 2567 ipaiua
583 2506 654 2567 Moy·
686 2506 723 2552 bri
734 2507 796 2553 aleco
807 2506 905 2566 vestigio
916 2506 1048 2561 tramitum,
1060 2506 1158 2553 ducibus
1170 2506 1253 2566 Moyae
1265 2514 1289 2553 et

39 2575 87 2621 rid!
112 2574 224 2633 Singula
233 2572 431 2633 perstringamur,
443 2585 543 2630 quorum
553 2570 656 2631 plurima
687 2570 767 2618 Joaue.
800 2569 907 2633 Disjeeto
917 2575 973 2618 verb
985 2572 1082 2618 Penthei
1093 2577 1162 2627 teoto,
1173 2572 1289 2633 Lycurgi·

38 2649 125 2687 temen
138 2638 183 2685 alii
195 2652 244 2683 non
252 2638 354 2684 abaurde
360 2638 411 2697 lem
419 2637 575 2698 protulerunt,
585 2650 654 2682 oocu-
688 2651 734 2696 que
742 2636 811 2683 iutale
820 2639 922 2692 exitium,
930 2637 1071 2682 adumbrant
1082 2636 1138 2682 aetia
1147 2636 1207 2682 clere
1218 2638 1288 2682 urbea

38 2707 194 2766 piruntqoe.
230 2702 335 2749 Raechua
352 2701 460 2748 inventor
476 2700 533 2757 vini,
549 2701 656 2761 riteaqne
688 2701 785 2757 deletae,
799 2716 867 2760 regea
878 2701 958 2756 victor,
972 2708 1101 2761 gentesque
1116 2700 1200 2747 fractus
1210 2703 1240 2747 ab
1253 2701 1288 2747 la·

36 2771 157 2834 pluritate
168 2767 395 2829 doedmjrcntur.
425 2765 521 2812 Diodor.
533 2765 604 2812 dicul.
615 2765 655 2812 lib.
687 2766 784 2821 militia,
796 2766 847 2813 Deo
855 2766 998 2826 auffragunte
1008 2774 1032 2812 et
1042 2765 1179 2826 opitulante.
1213 2765 1287 2812 Deni-

36 2837 62 2882 b.
81 2850 141 2896 etp.
155 2833 179 2881 l.
216 2832 289 2892 Atqui
310 2832 354 2878 hoe
372 2832 441 2892 longe
460 2830 539 2878 rerida
560 2830 657 2877 Noacho
689 2846 735 2891 que
746 2831 862 2891 Gigantea
872 2839 897 2877 et
910 2829 1130 2891 potenteataeculo
1141 2830 1185 2875 viri
1197 2829 1288 2886 semoai,

37 2900 194 2954 vindicetur,
214 2898 300 2944 Genea.
317 2912 367 2958 nep.
378 2897 401 2946 9.
419 2911 441 2942 v.
452 2896 491 2944 20.
508 2895 549 2942 ubi
564 2903 589 2942 et
602 2896 654 2942 ine·
688 2896 774 2942 Genea.
790 2910 839 2956 cap.
851 2894 874 2942 6.
890 2902 914 2941 et
924 2902 1028 2942 monstra
1039 2895 1140 2941 liliorum
1156 2895 1247 2941 Bnochi
1258 2895 1289 2942 de

37 2966 139 3012 bdaura
150 2965 194 3010 ille
203 2962 338 3009 “nudatur
348 2962 374 3008 in
384 2961 534 3008 tabernaculo
540 2975 591 3017 ano,
600 2974 655 3007 neo·
686 2975 774 3021 genere
785 2960 903 3020 giganteo,
916 2959 987 3007 Num
999 2974 1049 3020 cop.
1062 2959 1099 3006 lt
1112 2974 1133 3005 r.
1145 2958 1184 3006 34.
1197 2974 1288 3006 necnon

35 3047 92 3078 nou
101 3029 195 3089 majori
206 3028 254 3075 ilio
265 3027 367 3074 ludibrio
374 3026 468 3073 hobitnr
478 3026 591 3080 reiertun
603 3040 656 3086 quae
686 3024 758 3071 turria
770 3025 851 3080 Babel,
862 3025 949 3072 Genea.
961 3040 1011 3086 etp.
1022 3023 1059 3071 ll.
1074 3024 1289 3084 gigantomachiam

35 3097 74 3143 ad
85 3090 425 3142 Baethnuutrenenrlereiere
436 3091 523 3138 omnia.
687 3088 1151 3152 ooeliqnepererdnumoppugnationem
1160 3088 1289 3136 fabulosam

77 3159 199 3208 umerum
209 3158 232 3203 ln
240 3157 312 3218 aylrla
323 3165 347 3203 et
357 3156 455 3217 rupibua
466 3155 556 3217 Satyria
566 3163 591 3202 et
599 3154 655 3201 Mu·
687 3170 806 3218 peperere.

35 3227 84 3280 ria,
97 3224 138 3272 ric
150 3223 292 3270 documenta
301 3221 366 3269 varie
375 3220 473 3268 tradidit
483 3220 593 3268 Noaehua
604 3225 657 3281 poat
720 3221 852 3267 Cornutum
868 3221 924 3267 verb
942 3219 1060 3267 Bacchum
1077 3217 1166 3274 dixere,
1179 3220 1249 3278 juxte
1263 3218 1289 3265 id

36 3289 179 3344 diluvium,
191 3288 312 3335 demtatd
321 3302 348 3334 ao
364 3286 390 3333 in
400 3284 551 3333 rolitndinem
562 3285 657 3332 redacti
688 3285 752 3345 quod
764 3285 841 3332 Exodi
856 3300 906 3346 oep.
918 3283 957 3331 84.
973 3300 995 3330 v.
1007 3285 1046 3333 29.
1058 3291 1082 3330 et
1096 3298 1144 3343 req.
1161 3283 1248 3344 legitur
1258 3283 1289 3330 de

36 3357 119 3412 tmd,
133 3363 159 3402 et
169 3353 203 3400 de
214 3354 278 3400 cultu
289 3353 335 3400 Dei
345 3359 462 3414 precepto
471 3350 607 3399 homiuibus
617 3365 655 3397 ae·
688 3352 787 3397 cornuti
795 3351 885 3412 Mogair
893 3349 959 3406 lucie,
967 3364 1010 3397 aeu
1020 3349 1108 3410 duplici
1119 3347 1215 3394 luminis
1222 3348 1289 3395 radio

36 3423 102 3469 unio
113 3417 256 3467 ineolurit.
688 3415 821 3476 conapieud,
827 3430 857 3462 ex
864 3415 980 3462 consortio
987 3414 1101 3461 aermonia
1108 3413 1212 3469 Domini,
1217 3427 1288 3473 quarn

76 3485 195 3534 Bouthoe
214 3497 297 3530 omnen
315 3490 339 3530 et
359 3487 424 3530 mare
444 3480 523 3537 flexit,
545 3479 657 3527 Noachua
689 3479 803 3526 lareiilitae
821 3495 868 3527 non
886 3480 937 3527 eine
952 3487 1017 3525 metu
1034 3494 1061 3525 ae
1075 3486 1169 3540 atnpore
1180 3478 1288 3524 animad-

37 3565 169 3613 nqoannn
191 3548 325 3596 eluvionem
345 3549 399 3594 arci
419 3547 501 3603 evasit,
525 3545 656 3607 superarit·
689 3551 817 3591 verterunt.

37 3632 103 3679 que.
720 3609 797 3666 Adde,
814 3608 834 3656 ai
851 3609 924 3664 lubet,
942 3607 1028 3656 Bacchi
1045 3608 1184 3655 deaoenaunt
1199 3609 1229 3655 ad
1246 3608 1287 3654 ln·

80 3679 194 3729 nuum
213 3679 328 3740 Gigantea
348 3677 402 3725 Jovi
425 3677 514 3724 bellum
534 3682 655 3722 moventea
686 3673 755 3730 feror,
767 3674 1065 3728 acredituminoolumem,
1077 3673 1205 3733 imaginem
1214 3674 1288 3720 videri

38 3746 212 3809 expugnarit:
234 3743 345 3791 Noachur
364 3742 455 3790 Chamo
471 3742 521 3788 filio
538 3740 610 3802 impie
630 3755 655 3787 ae
686 3740 815 3800 genuinam
841 3738 931 3800 Moyaia
957 3739 982 3785 in
1004 3747 1083 3785 monte
1105 3740 1217 3786 nebuloso
1238 3740 1289 3786 diea

38 3812 178 3860 rodendum
191 3809 304 3856 Numinis
318 3809 392 3855 inetur
402 3806 532 3863 exhibenti,
545 3804 655 3867 posteria·
688 3805 845 3865 quodraginta
855 3805 1027 3860 commorantia,
1038 3819 1109 3864 quem
1119 3805 1225 3851 omnium
1236 3804 1287 3864 opi-

39 3893 94 3938 que
102 3879 156 3938 eina
167 3874 299 3922 idololatria
307 3875 344 3920 vel
354 3872 430 3920 atheia
439 3872 529 3919 sortiter
538 3886 654 3932 repugne-
688 3870 759 3917 nione
768 3879 887 3917 mortuum
896 3872 951 3916 clun
960 3885 1039 3916 rureua
1049 3870 1158 3916 viderunt
1167 3869 1288 3924 laniilitre,

39 3944 88 3990 rit.
687 3936 752 3981 velut
762 3939 792 3984 ab
802 3935 886 3984 inferia
895 3936 1005 3983 reducem
1013 3950 1040 3983 ee
1048 3935 1180 3983 redivivum
1188 3949 1288 3997 excepe-

79 4006 196 4056 &mitur
203 4003 378 4069 paciebellique
386 4002 479 4052 medina
487 4001 604 4051 etarbiter
612 4015 654 4049 ex·
688 4009 750 4048 runt.
