3059 4984
380 242 651 346 SATIRARiJM
677 243 820 312 LIBER
844 244 870 310 1.
894 248 925 309 7.
1205 244 1271 310 375

517 503 685 570 ὃΑΤΙΒΑ
707 502 788 569 Vll.

246 667 366 732 Risum
379 666 507 754 Rupilii
520 689 589 733 cum
607 667 756 732 Graecuio
771 666 886 732 Persio
900 664 1061 730 describit.

75 805 243 869 unm
259 802 356 889 teu
372 803 483 889 uuirt
496 827 555 890 ee
570 815 664 888 ese
890 801 1272 864 ⁶⁰⁸⁰

53 897 55 900 ’
75 890 158 989 ibride
170 912 226 974 quo
239 902 328 975 pacto
343 890 384 954 sit
399 889 527 955 Persius
543 889 645 990 ultus,
655 890 766 974 opinor
857 933 951 980 Peisius
968 933 1045 978 ibrida
1055 931 1180 978 vindicarit
1193 946 1237 991 pu„
1249 940 1273 977 et

74 975 199 1040 Omnbus
213 988 243 1041 et
255 976 347 1061 lippis
361 987 469 1041 notum
483 989 515 1041 et
529 977 707 1041 tonsoribus
721 996 801 1039 esse.
857 998 921 1043 vinu
940 997 1030 1057 nupirii
1050 997 1123 1055 Regis
1141 996 1272 1058 proscripti.

52 1071 56 1130 J
73 1059 174 1125 Persius
187 1061 234 1126 hic
247 1084 414 1146 permagna
427 1063 552 1147 negotia
567 1062 652 1126 dives
668 1061 803 1126 habebat
858 1063 952 1109 Persius
973 1062 1017 1108 iste
1042 1061 1150 1121 ingentia
1171 1061 1274 1107 1111111111

72 1145 246 1225 Clazomenis,
260 1149 353 1212 etiam
367 1147 437 1213 lites
452 1170 522 1212 cum
536 1147 625 1232 Rege
638 1146 801 1248 molestas3
825 1127 1275 1252 5gssffi⁸fiffffi²⁰cffinipiegfficffl

71 1231 158 1296 Dums
179 1233 278 1311 homo,
305 1247 397 1318 atque
423 1234 496 1299 odio
521 1235 574 1319 qui
599 1235 699 1318 possit
723 1255 846 1298 vincere
858 1257 975 1318 pervim,
984 1256 1055 1315 etqui
1064 1253 1171 1301 moreius
1180 1255 1274 1319 vincere

174 1317 304 1403 Regem
858 1329 937 1382 posset
952 1322 1057 1382 Regem
1074 1335 1185 1380 arrogans
1201 1329 1224 1365 ct
1235 1335 1275 1365 su·

70 1401 210 1468 confidens
224 1406 440 1489 tumidusque3
456 1403 536 1469 adei>
551 1404 702 1469 sermonis
716 1404 824 1481 amari,
858 1387 1129 1505 ffi'tfflgfffgss‘fflssffi
1141 1384 1274 1507 {fflqdlje

70 1487 200 1566 sueones,
211 1489 387 1576 Bessosque
400 1503 433 1555 ut
443 1491 531 1574 equis
544 1502 747 1576 praecurreret
758 1489 846 1556 albis:
859 1516 918 1561 airis
927 1514 994 1574 equis
1003 1522 1167 1560 anteverteret
1192 1514 1275 1559 Redeo

67 1572 105 1637 Ad
117 1572 222 1658 Regem
233 1577 338 1642 redeo.
364 1575 535 1660 Postquam
547 1576 624 1642 nihil
637 1578 718 1641 inter
729 1587 847 1640 utrum·
858 1581 889 1626 111
901 1582 999 1655 Regem.
1033 1581 1094 1625 cum
1106 1580 1171 1624 1111111
1181 1579 1276 1653 utrique

170 1682 226 1744 ‘¹¹¹²
679 1661 774 1761 [testi
808 1644 1275 1767 ¹⁰{tltssidtti‘t‘tlltlmiliti

67 1741 194 1811 Convenit
219 1747 291 1830 (hoc
321 1748 436 1813 etenim
458 1759 532 1813 sunt
555 1769 662 1811 omnes
688 1770 759 1832 Jure
782 1770 1047 1833 morisenpiqprms
1063 1773 1180 1819 contraria
1196 1787 1276 1833 pigna

67 1828 125 1901 Quo
144 1831 242 1914 sortes,
264 1835 381 1919 quibus
405 1835 568 1899 adversum
591 1832 707 1898 bellum
731 1835 848 1901 incidit.
860 1839 965 1898 contigit.
1005 1840 1045 1885 sie
1065 1838 1127 1883 inter
1149 1839 1276 1883 1111101111

170 1917 255 1984 inter
679 1919 848 2000 [Achlplem
859 1904 949 2015 1ΙΞῘιιιιιηι
960 1903 1036 1949 lilium
1053 1911 1077 1949 et
1093 1903 1178 1948 sortem
1193 1902 1262 1948 ilclul

66 1998 180 2070 Hectora
214 2004 395 2072 Priamiden
429 2007 603 2070 animosum
639 2015 732 2090 atque
768 2010 849 2071 inter

526 2141 795 2189 Auuornrlouns

90 2229 107 2275 l.
120 2230 246 2294 Prmeripti,
253 2230 310 2294 isc]
329 2233 454 2293 superiore
466 2232 544 2279 Satird
554 2231 642 2278 refuta·
675 2230 725 2277 itt.
736 2247 755 2277 c.
764 2232 788 2278 6.
808 2233 835 2282 Q
848 2233 932 2280 Varius
941 2241 1036 2294 propter
1046 2236 1163 2282 obscurum
1167 2233 1211 2296 jus
1221 2238 1276 2282 ciui·

64 2293 90 2337 rit
99 2294 197 2343 llontius
213 2301 383 2345 obtrectatores
399 2306 424 2344 et
433 2298 560 2344 malevolos
571 2310 642 2355 quos·
676 2298 732 2343 tatis
742 2298 825 2343 lorido
835 2301 1011 2359 comminatus,
1022 2299 1062 2361 tic.
1080 2309 1148 2346 natus
1166 2299 1277 2346 nimirum

63 2357 105 2403 dun
120 2361 248 2409 libertinum
265 2378 345 2423 genus
363 2362 408 2423 ipsi
427 2361 572 2421 objicientes,
592 2369 643 2406 turn
677 2360 785 2422 Hispano
795 2369 870 2422 petre,
882 2373 955 2410 matre
968 2364 1105 2410 Veronensi.

63 2428 187 2484 mpetum
203 2427 332 2475 Moeoeusti
346 2427 463 2487 actiosus
478 2434 547 2482 esset,
562 2426 604 2485 qui
619 2431 644 2471 et
709 2425 732 2473 3.
750 2427 833 2487 Lippis
842 2435 948 2475 natumst
957 2426 1104 2490 semoribus]
1122 2429 1277 2476 Proverbislls

64 2487 174 2546 Augustum
191 2491 214 2538 ei
234 2492 413 2540 reconciliarit:
435 2499 461 2539 at
481 2492 551 2551 louge
573 2497 643 2536 antes
675 2490 753 2538 dictio.
790 2491 859 2553 Lippi
876 2495 940 2553 quod
957 2509 1009 2539 ruro
1026 2494 1088 2539 sorus
1104 2496 1222 2555 prodeunt
1238 2495 1277 2540 vix

61 2550 110 2598 idern
128 2555 147 2601 ei
163 2559 274 2617 probrum
292 2557 373 2604 suerst
389 2557 515 2617 ingestum.
549 2554 643 2601 Scilicet
675 2555 752 2602 lucem
763 2557 872 2612 serentes,
890 2558 945 2605 hinc
961 2559 1052 2605 curiose
1067 2568 1234 2619 percontantur
1249 2562 1279 2605 sb

61 2618 103 2670 rim
113 2619 222 2668 Tribunus
232 2623 340 2669 militum
351 2631 420 2677 esset,
431 2636 486 2668 cum
494 2621 546 2682 ipso
556 2620 644 2680 pariter
675 2619 840 2676 invisentibus,
858 2622 915 2682 quid
932 2623 963 2669 sit
979 2624 1033 2669 novi
1052 2639 1094 2684 per
1112 2627 1208 2676 urbemi
1226 2634 1278 2670 ton·

61 2679 179 2732 inuenies
190 2687 258 2734 Bruti
269 2687 390 2734 militabat
402 2686 526 2747 Rupilius:
538 2686 564 2731 in
575 2699 643 2731 eum·
676 2685 756 2732 strinre
769 2690 832 2741 vero,
844 2687 936 2746 inques
947 2689 1015 2734 multi
1026 2689 1170 2735 conveniunt
1178 2689 1245 2735 otiosi
1256 2697 1280 2734 et

60 2761 95 2804 que
110 2749 162 2796 illud
179 2752 279 2799 convicii
301 2752 429 2799 effuderat.
463 2751 547 2810 Itaque
565 2758 644 2796 noster
676 2751 793 2809 loquaces,
804 2759 860 2797 suut
871 2752 1100 2811 proinderumocurn
1112 2753 1279 2799 etcont'sbuls·

59 2823 169 2871 opportuno
177 2824 283 2878 tempore
295 2832 322 2864 se
331 2818 395 2864 ultus
405 2824 448 2871 est,
457 2816 513 2862 deti
524 2815 644 2862 occasione
677 2815 769 2860 tiotmm
776 2815 883 2862 officinae.
897 2816 950 2862 Huc
957 2817 1039 2863 referri
1046 2825 1122 2876 potest
1129 2819 1192 2877 quod
1201 2819 1279 2863 Theo·

60 2875 103 2931 litis,
117 2894 164 2938 quse
180 2880 218 2928 isti
236 2881 339 2943 Rupilio
351 2896 406 2928 cum
421 2882 530 2928 Graeculo
541 2880 645 2940 quodem
676 2879 787 2940 phrsstus
804 2880 851 2932 cit3
872 2878 904 2926 sd
924 2882 1023 2943 κουρεῖα
1043 2879 1119 2927 ἄοινα
1139 2880 1280 2944 συμπόσια,

59 2942 136 2990 mutius
146 2945 223 2993 Persio
233 2947 361 2994 inciderat.
677 2945 796 2991 murrinis
807 2948 980 3005 mmpomtiones
989 2948 1038 2992 siue
1048 2947 1106 2992 oino.

85 3007 198 3071 Proscripti
217 3013 303 3073 Regis,
326 3008 379 3075 dm]
425 3009 536 3070 Rupilius
557 3023 644 3069 cogno-
709 3010 733 3056 b.
752 3007 914 3070 Clazomenis]
942 3011 1004 3056 Urbs
1016 3010 1059 3055 ists
1071 3011 1169 3056 minoris
1181 3011 1243 3056 ¹isio:
1255 3011 1279 3056 in

59 3081 123 3118 mento
133 3075 182 3122 sex
192 3077 217 3122 in
228 3080 290 3124 urbe
301 3077 433 3123 Praeturam
442 3089 535 3135 gerens,
552 3077 582 3120 ab
594 3074 644 3120 Au·
678 3074 754 3130 lonii,
765 3075 796 3120 ed
804 3089 870 3121 oram
879 3076 950 3121 maris
959 3076 1035 3135 AEgaei
1047 3075 1109 3121 inter
1120 3079 1245 3135 Smyrnam
1257 3085 1281 3121 et

57 3146 112 3192 guno
127 3139 258 3189 Triumviro
273 3141 420 3203 proscriptus
436 3141 468 3187 sd
485 3139 553 3186 Bruti
570 3145 646 3185 castra
678 3138 780 3186 Chium:
794 3140 860 3200 prius
871 3140 933 3187 dicte
944 3141 1034 3201 Gryne,
1047 3141 1109 3187 unde
1121 3141 1206 3201 Apollo
1217 3141 1280 3201 Gry·

57 3203 150 3261 ningit
678 3218 752 3260 natus,
763 3205 910 3264 Anaxagora:
921 3205 997 3266 petria
1008 3204 1059 3251 luit.

81 3265 334 3332 Pusiqssoesessm]
354 3267 645 3328 Maledieentismlinguts
711 3268 734 3315 li.
752 3269 868 3324 Sisennae,
888 3267 997 3330 Barros]
1041 3269 1156 3316 Homines
1181 3269 1282 3316 famosos

55 3328 166 3381 riruientae⁸
201 3336 280 3383 Lucil.
679 3332 810 3388 dicacitate,
829 3335 947 3389 conviciis,
967 3335 1053 3393 lingum
1073 3334 1211 3394 petulantii.
1245 3336 1281 3380 Dc

73 3395 144 3444 Ltus·
154 3403 274 3449 werbert
277 3397 366 3462 J'ebtis,
377 3401 471 3454 renium,
482 3399 585 3453 uomitus,
594 3413 646 3458 pus.
680 3398 765 3445 Barris
776 3407 853 3444 antea.
887 3399 987 3445 Sisenna
998 3414 1127 3457 cognomen
1143 3409 1194 3445 erat
1205 3400 1281 3460 Apro·

81 3461 207 3526 trinae]
235 3467 367 3527 Perperum
375 3463 415 3510 alii
427 3465 526 3525 hybrida
534 3462 647 3518 scribunt,
680 3463 774 3509 niorum
785 3471 808 3508 et
820 3464 991 3511 Corneliorum.
1017 3464 1062 3509 Dio
1073 3463 1112 3509 lib.
1123 3464 1162 3509 54.
1174 3464 1283 3509 meminit

55 3523 133 3581 innui,
148 3538 172 3576 ct
186 3532 315 3578 deducunt
333 3532 363 3576 ab
380 3524 453 3591 ὕβρις
470 3528 507 3574 vel
524 3524 648 3590 ὑβριστὴς
681 3528 785 3574 Cornelii
795 3528 907 3584 Sisennae,
919 3529 959 3587 qui
969 3530 998 3574 tle
1009 3527 1087 3573 uxoris
1097 3528 1145 3573 vitri
1157 3529 1182 3573 in
1194 3530 1282 3575 Senatu

55 3587 95 3634 lire
107 3588 215 3655 ilipsdric,
233 3604 261 3641 ut
278 3594 427 3654 significetur
438 3593 588 3646 conviciator,
604 3607 647 3652 pe·
680 3593 837 3653 reprehensus
848 3608 919 3638 ausus
930 3594 974 3639 tuit
986 3593 1071 3647 dicere,
1082 3608 1107 3638 se
1119 3593 1182 3639 illam
1194 3594 1283 3640 sciente

55 3654 350 3708 ulmeteontumetiosus.
368 3659 433 3705 Bene
442 3659 553 3704 viderunt
560 3656 647 3703 eruditi
680 3665 705 3705 et
715 3658 829 3703 suadente
841 3657 950 3717 Augusto
961 3658 1069 3710 duxisset
1087 3667 1158 3716 atque
1169 3657 1202 3704 ita
1214 3660 1283 3705 Prin·

54 3718 122 3769 inm
128 3725 291 3780 scribendum,
304 3732 330 3770 ut
339 3732 433 3770 notetur
441 3723 535 3770 Persius
544 3721 648 3769 Asiatico
680 3722 738 3783 cipis
749 3738 803 3767 cum
812 3723 841 3768 eei
850 3723 1052 3778 consuetudinem,
1064 3738 1135 3782 quum
1144 3724 1233 3785 nuptiis
1244 3740 1283 3770 ce-

53 3793 108 3840 Pwt
117 3797 187 3846 ortus,
197 3799 279 3837 matre
289 3799 371 3836 autem
380 3790 496 3835 Romani.
531 3788 593 3833 Num
604 3803 646 3834 an-
680 3789 752 3834 latsm
765 3788 843 3842 veltet,
854 3793 934 3848 aperte
946 3797 969 3834 et
980 3790 1040 3833 saise
1052 3788 1175 3834 notaverit„

54 3847 102 3907 1111111
116 3855 214 3914 munos,
233 3856 294 3902 item
306 3855 400 3900 diverso
416 3868 503 3912 genere
514 3859 647 3912 procreatos
712 3850 1037 3914 Equisproecurreretuibis.]
1074 3854 1186 3912 Figurate
1197 3855 1284 3901 locutio

50 3913 146 3964 dicebaut
156 3923 265 3976 umbros,
278 3921 375 3974 imbros,
387 3918 490 3977 indeque
502 3917 564 3963 ibros
576 3926 600 3963 et
610 3917 646 3962 ib·
680 3917 735 3963 inde
745 3925 800 3963 nutu
809 3919 871 3975 quod
880 3919 935 3977 equi
944 3919 991 3964 nlbi
1001 3918 1126 3964 credentur
1135 3918 1283 3974 velocissimi,

51 3978 110 4026 rides.
142 3985 180 4030 Sic
191 3985 280 4031 ibrida
292 3999 362 4030 cenes
378 3982 477 4042 lyciscae.
512 3982 595 4028 isidor.
607 3981 647 4028 lib.
680 3983 757 4029 Plsut.
770 3982 837 4028 Asin.
849 3984 872 4028 2.
885 3985 907 4030 2.
921 3982 958 4029 12.

52 4040 82 4088 ¹2
97 4060 142 4108 cip
156 4047 178 4094 l.
202 4050 235 4096 Its
251 4051 417 4102 animantibus,
436 4047 520 4106 inquit,
540 4049 649 4108 bigenera
681 4049 771 4094 Sibut‘c
779 4050 890 4094 occasioni
900 4064 924 4095 se
936 4055 1023 4108 tempus
1033 4049 1213 4104 miterduserit,

48 4109 145 4158 &mussi
159 4131 211 4175 qua
227 4131 258 4162 etr
273 4116 373 4161 diversis
383 4119 516 4166 noscuntur,
533 4119 559 4158 ut
574 4113 649 4157 mulus
686 4113 798 4173 Unquam,
820 4114 914 4173 adspui,
939 4115 1061 4174 quadrigis
1081 4115 1141 4160 albis
1163 4115 1284 4173 indipiscet

48 4186 72 4216 11
80 4181 133 4235 rqsd
141 4185 164 4225 et
175 4182 251 4234 auno,
262 4181 337 4226 burdo
347 4195 375 4226 es
382 4194 439 4239 equo
446 4185 470 4224 et
480 4179 555 4230 usind,
566 4178 648 4223 ibrida
776 4183 863 4236 postca

48 4252 71 4282 ‘²
83 4244 143 4300 apris
158 4251 183 4290 ct
195 4248 288 4305 portis,
301 4245 339 4306 ⁸1⁰·
375 4243 434 4289 Plin.
452 4242 467 4287 1.
480 4242 503 4288 8.
521 4257 541 4288 c.
553 4242 592 4288 db.
625 4241 649 4287 B
716 4240 754 4288 lo.
772 4242 823 4287 Hoc
831 4243 913 4288 etenim
921 4249 975 4289 sunt
984 4259 1058 4289 omnes
1062 4242 1119 4304 jure
1128 4244 1221 4294 molesti,
1230 4237 1284 4301 else]

48 4310 189 4356 remmom
199 4316 224 4356 et
235 4311 318 4357 otides
326 4315 392 4354 natos
399 4310 474 4367 prisci
485 4309 574 4353 umbros
582 4309 648 4352 vocri-
683 4306 716 4352 Ut
727 4306 806 4361 sortes,
823 4306 856 4353 sic
867 4314 891 4352 et
901 4308 994 4353 molesti
1009 4323 1130 4367 nunquam
1146 4308 1229 4351 cedere
1244 4320 1285 4350 vo·

48 4377 109 4415 reat:
126 4381 150 4418 et
168 4389 221 4434 cap.
236 4374 279 4419 53.
303 4371 414 4435 Serniferu
432 4373 541 4419 animalia
559 4373 650 4432 antiqui
683 4371 748 4424 lunt;
768 4371 826 4417 illud
842 4380 877 4416 est
895 4387 976 4418 eorum
993 4365 1114 4428 inpcuiurn
1131 4379 1154 4415 et
1170 4371 1233 4415 vetut
1245 4371 1286 4427 ius

48 4436 148 4484 neuim
165 4441 269 4493 ibridas,
289 4441 320 4485 ud
329 4441 429 4485 homiues
439 4453 533 4498 puoqrte,
551 4439 611 4482 utin
624 4436 649 4481 C.
683 4437 803 4496 quoddam
816 4441 829 4482 i
841 4440 925 4483 naturis
937 4446 1104 4497 comparatum,
1118 4435 1158 4480 lib.
1173 4434 1193 4480 l.
1205 4435 1250 4479 Od.
1262 4435 1285 4480 6.

48 4500 164 4550 istosisss
176 4505 301 4550 Ciceronis
309 4507 333 4550 iii
345 4504 469 4550 Consulatu
480 4504 596 4562 collegam,
607 4517 650 4561 op·
982 4535 1003 4547 ..
1015 4515 1131 4560 ..giuretis

48 4566 158 4616 etloum
173 4569 305 4616 treisma
339 4569 376 4616 lta
386 4568 450 4628 apud
462 4567 539 4614 vuer.
552 4566 649 4612 blesim.
783 4567 871 4614 Pelides
881 4569 1017 4614 stomachans
1027 4567 1106 4611 rethre
1117 4568 1194 4610 nescii

392 4631 413 4693 8
