3059 4984
285 215 351 282 818
667 212 858 279 DACERll
885 211 1145 279 PRAEFA'l'lO.

462 374 1333 464 Qrtiauiquoeetuscoussdfictotsascitoataeoteatma,

461 465 526 537 Qui
540 465 603 530 sibi
615 465 759 529 seruitum
771 487 832 528 non
846 464 985 550 sopiant,
1000 464 1095 529 alter-i
1108 471 1278 528 monastrant
1293 462 1374 538 aima,

462 550 585 624 Qrtibus
596 551 729 616 divitias
736 551 936 636 polliceretur,
950 551 993 614 ob
1007 551 1049 615 iia
1061 549 1243 615 drachmam
1253 557 1354 633 palm
1360 578 1371 622 ,·

460 638 516 703 De
530 637 652 703 divitiis
664 639 822 702 mamam
835 638 1026 714 drachmam,
1040 638 1175 702 reddunt
1189 645 1314 700 caera.

332 724 472 790 Plurima
485 747 527 790 cx
541 725 590 790 bis
606 725 717 790 Satiris
732 724 905 808 desumpsit
921 723 1083 802 Horatius,
1099 736 1133 789 ut
1147 721 1337 788 manifestam
1348 720 1395 785 erit
1404 727 1456 783 ntus

286 824 408 878 nostras
422 810 605 877 consulenti.

332 897 411 963 Post
425 897 563 964 Ennium
577 909 664 962 ortus
680 895 846 973 Pacuvius,
867 896 985 961 Satiras
1004 896 1071 980 ipse
1085 918 1212 981 quoque
1233 895 1298 959 sive
1311 889 1456 966 llvuocnlm

286 984 352 1049 aive
366 983 468 1050 Avum
482 1006 524 1049 ex
537 997 644 1062 matre,
659 983 806 1058 imitatus,
822 982 954 1067 scripsit

331 1070 434 1135 Natus
462 1084 511 1136 est
537 1069 676 1136 Lucilius
705 1091 744 1135 eo
770 1079 919 1154 tempore,
948 1090 1011 1154 quo
1036 1069 1170 1134 maxime
1195 1066 1324 1133 florebat
1348 1063 1454 1128 Pamin.

287 1156 473 1242 Composuit
486 1170 518 1222 et
531 1156 585 1222 illc
600 1157 729 1234 Satiras,
753 1154 809 1219 sed
824 1155 937 1239 quibus
960 1176 1071 1220 novam
1096 1151 1211 1219 novati
1230 1151 1373 1218 scribendi
1384 1150 1455 1214 nisu

285 1245 418 1329 gratiam
444 1243 630 1320 conciliavit,
659 1243 772 1327 utqui
797 1240 944 1325 Antiquoe
966 1240 1138 1307 Comoedia
1165 1240 1287 1305 Graeeae
1311 1238 1455 1304 maratana

287 1331 417 1415 propius
432 1332 604 1416 exprimere
619 1326 768 1394 voluerit:
792 1329 881 1413 cujus
899 1327 1067 1393 admodum
1088 1325 1267 1412 imperfecta
1280 1347 1319 1391 ex
1337 1319 1455 1410 primis

287 1418 355 1482 nni
369 1416 473 1481 Satirri
493 1416 600 1481 haberi
623 1425 745 1500 poterat
763 1407 895 1491 notitia‚'
906 1412 999 1499 quale
1015 1413 1138 1480 scilicet
1150 1413 1265 1478 faceret
1279 1432 1395 1484 carmen,
1407 1406 1455 1491 qul

287 1502 357 1568 sola
385 1502 507 1567 Natura
537 1501 739 1578 dictitaverat,
768 1512 932 1586 antequam
945 1500 1074 1586 ·injecta
1101 1512 1186 1566 esset
1215 1498 1358 1564 Romanis
1378 1495 1455 1559 uim

287 1588 440 1666 imitandi,
470 1608 639 1672 eorumque
668 1588 777 1673 spoliis
805 1608 840 1651 se
870 1585 1090 1671 locupletandi,
1118 1587 1276 1671 cogitatio.
1325 1583 1370 1648 Ex
1389 1583 1454 1667 qum

286 1674 378 1740 facie
393 1673 524 1761 intelligi
539 1686 643 1761 potest
657 1673 735 1739 illud
751 1671 887 1751 Horatii,
904 1672 969 1738 sat
988 1674 1016 1737 l.
1033 1672 1088 1738 lib.
1103 1675 1135 1739 2.

567 1796 655 1809 -—
668 1760 765 1837 Quia,
781 1760 851 1823 cum
863 1769 913 1824 est
925 1758 1069 1824 Lucilius
1082 1781 1180 1825 cam

460 1847 764 1913 &immistam
826 1846 835 1860 ⁰
864 1867 1048 1931 conponere
1062 1847 1204 1911 carraiaa
1218 1846 1352 1910 morem?
1423 1924 1428 1936 ,

289 1933 366 2000 Noli
392 1947 502 2019 putare
525 1933 692 1999 Horatium
714 1955 753 1998 vo
768 1934 852 1997 uisse
871 1932 985 2010 dicere,
1011 1932 1113 1997 nullas
1136 1945 1209 1997 ante
1231 1930 1372 1997 Lucilium
1387 1927 1454 1990 sna

288 2020 402 2087 lactas:
425 2027 497 2087 cnm
523 2019 678 2085 Lucilium
701 2019 916 2105 praecesserint
937 2017 1059 2083 Ennius
1077 2029 1110 2084 et
1131 2018 1296 2093 Pacuvius,
1368 2008 1453 2104 manill

288 2108 466 2193 exemplum
489 2119 614 2172 secutus
629 2119 686 2171 est.
733 2105 772 2170 ld
787 2104 888 2171 solum
901 2104 1010 2183 voluit,
1033 2103 1185 2170 Lucilium
1201 2127 1310 2169 novam
1334 2096 1453 2166 admitti

288 2195 415 2261 carmini
429 2193 579 2271 induisse,
595 2193 680 2277 quod
694 2192 903 2296 perpoliverit,
926 2204 959 2256 ct
978 2203 1143 2276 propterea
1161 2213 1219 2276 pro
1234 2192 1330 2276 primo
1341 2185 1454 2272 quoia*

289 2294 356 2346 tore
376 2280 564 2345 habendum.
610 2278 649 2344 In
671 2278 784 2343 eadem
797 2278 857 2342 fuit
876 2279 1031 2342 sententib
1046 2276 1270 2353 Quintilianus,
1294 2276 1355 2340 Lib.
1369 2267 1452 2349 totu

292 2369 320 2430 l.
333 2357 1453 2466 Satiraqaidemroranosrraesr,inqaopnmasimignemtaaaenadenu

288 2462 337 2517 eat
359 2452 513 2516 Laribus
567 2450 651 2515 Cave
677 2450 729 2515 hic
753 2452 886 2535 pedibus
914 2452 946 2514 in
970 2450 1147 2516 Casauboni
1173 2451 1350 2515 sententiam
1367 2466 1412 2518 01³2
1426 2457 1452 2536 Ψ

261 2555 265 2560 ’
291 2538 455 2602 Diomedis
475 2537 537 2602 fide
553 2536 661 2614 fretus,
688 2535 784 2602 Ennii
806 2546 839 2602 et
858 2535 971 2602 Lucilii
995 2538 1113 2601 Satires
1137 2549 1203 2601 toto
1225 2558 1335 2621 genere
1352 2532 1452 2596 (liuentie

289 2624 428 2690 credidit
474 2622 555 2689 Vide
577 2627 645 2708 ipsa
665 2622 868 2689 Grammatici
888 2623 993 2703 verba,
1015 2645 1085 2708 quae
1108 2625 1227 2688 subacti
1245 2621 1346 2709 judicii
1363 2615 1453 2681 Giton

289 2711 323 2775 in
337 2731 473 2776 errorem
495 2711 695 2778 indimerunt.
740 2710 855 2775 Sotira
868 2720 917 2774 eat
935 2709 1069 2774 Clamet
1082 2711 1172 2795 opud
1183 2710 1349 2783 Romanoa,
1366 2719 1452 2782 aaut*

289 2798 360 2862 dem
369 2799 458 2883 opud
468 2796 612 2875 Graecos,
627 2797 822 2873 maledicum,
837 2807 870 2861 ct
881 2797 928 2861 ad
935 2798 1097 2883 coaptando
1107 2796 1263 2860 hortunam
1274 2796 1355 2864 nim.
1366 2786 1453 2853 Anto

293 2884 463 2949 Conroeda’ae
473 2885 659 2949 charactere
670 2883 882 2969 conitiorum
895 2884 988 2968 quale
1000 2884 1195 2969 sagrament
1203 2882 1351 2957 Lucilius,
1359 2871 1451 2941 tillut·

290 2971 364 3048 tius,
376 2971 560 3035 etPeraius.
583 2970 650 3035 Sed
659 2970 732 3033 obm
743 2991 880 3046 cannen,
891 2970 1025 3055 quoties
1034 2957 1452 3055 vasinpoematibacontdn

291 3057 404 3122 Sotira
427 3057 602 3136 dicebatur,
629 3056 723 3141 quale
751 3056 945 3140 scripserant
966 3056 1127 3121 Pacuuius
1151 3065 1184 3120 et
1205 3056 1335 3120 Ennius.
1370 3049 1453 3131 dplffl

292 3143 479 3209 Diomedem
494 3144 684 3227 distinguere
699 3143 831 3206 Satiram
849 3141 972 3220 Lucilii,
995 3143 1034 3206 ab
1049 3143 1089 3208 ed
1103 3165 1195 3226 quam
1218 3143 1336 3227 scripsit
1348 3135 1452 3230 Eunus*

293 3230 457 3296 Pacuvius.
505 3227 650 3295 Ridicula
671 3239 775 3292 autem
796 3240 829 3293 et
842 3230 969 3294 omnino
984 3228 1063 3293 falsa
1077 3242 1125 3293 est
1144 3229 1239 3314 hujus
1254 3224 1451 3292 dunstanus

291 3339 384 3403 quam
405 3316 518 3394 reddit,
541 3317 630 3381 ratio.
676 3313 751 3378 Non
774 3315 849 3378 satis
872 3316 1111 3399 investigaverat
1124 3315 1219 3380 homo
1234 3313 1354 3398 simplex
1369 3317 1451 3398 multi?

291 3416 322 3469 et
337 3405 488 3489 originem
502 3404 662 3487 utriusque
683 3402 804 3479 Satirae,
827 3423 898 3485 quae
918 3403 1044 3466 omnino
1063 3403 1290 3467 conveniebant
1309 3413 1362 3463 tam
1377 3403 1452 3480 mlii?

291 3490 386 3574 quam
399 3488 509 3556 formai.
554 3488 636 3553 Nam
659 3487 736 3552 nihil
752 3491 790 3553 eb
810 3486 954 3552 attulerat
969 3486 1109 3553 Lucilius
1132 3501 1244 3573 praeter
1266 3485 1362 3552 nitoris
1377 3489 1399 3543 tl
1412 3470 1451 3536 ⁹¹⁵

291 3575 477 3660 plusculum,
496 3576 530 3640 in
544 3576 666 3640 summu
678 3576 724 3639 rei
738 3572 827 3638 nullb
840 3574 955 3658 insigni
970 3576 1140 3639 variatione
1153 3572 1247 3640 sacti
1289 3572 1330 3637 Et
1340 3575 1450 3652 quaniuim

291 3684 355 3726 non
376 3664 580 3748 conjunxerat
598 3660 689 3746 plura
707 3682 854 3725 versuum
868 3681 984 3746 genera
1005 3662 1038 3725 in
1059 3661 1170 3727 eodem
1191 3662 1331 3736 carmine,
1350 3641 1448 3744 siculi*

292 3749 383 3826 nius3
409 3748 524 3813 lecerat
549 3758 653 3811 tamen
675 3746 797 3811 diversa
821 3748 967 3826 carmina,
989 3769 1121 3831 quorum
1146 3746 1208 3811 alia
1231 3749 1344 3831 integra
1360 3731 1450 3802 vata

293 3833 505 3911 Hexametris,
530 3831 592 3898 alia
615 3833 772 3908 lambitis,
797 3831 858 3897 alia
879 3832 1061 3898 Trochnicis
1085 3835 1278 3910 constabant,
1303 3843 1333 3896 nt
1353 3827 1449 3909 liquari

292 3920 390 4005 ipsius
401 3919 593 4005 fragmentis.
641 3918 686 3982 Ut
699 3920 794 3984 verbo
809 3919 920 3997 dicam,
944 3921 970 3983 si
988 3919 1158 3985 Lucilianae
1173 3920 1282 3985 Satira
1295 3915 1385 3982 diversi
1398 3920 1450 4000 geli

292 4008 335 4071 ris
349 4007 389 4070 ab
401 4005 553 4071 Ennianis
568 4006 639 4070 ideo
650 4005 815 4070 censendae
830 4007 902 4084 sint,
917 4006 1002 4090 quod
1017 4005 1069 4071 ille
1083 4005 1167 4072 hunc
1181 4005 1329 4072 scribendi
1340 4011 1389 4065 arte
1398 3992 1450 4067 ¹⁰³3?

292 4090 1234 4263 attestatiusdissiparentur
1251 4088 1448 4262 tntu

294 4265 446 4331 Horatius
473 4287 538 4329 non
565 4263 669 4328 minus
690 4265 795 4328 evexit
816 4265 933 4329 Setims
954 4285 1028 4330 suas
1049 4287 1144 4350 supra
1166 4265 1322 4339 Lucilium,
1340 4256 1407 4354 quin
1421 4239 1462 4334 li

292 4376 365 4418 suas
388 4374 482 4438 supra
503 4351 640 4416 Ennium
660 4362 693 4415 et
714 4349 886 4415 Pacuvium
905 4365 1060 4416 evexerat
1108 4350 1261 4417 Pacuvius
1275 4326 1448 4436 quoquetfelit

291 4440 350 4504 iste
368 4439 530 4505 Diomedis
549 4438 647 4503 locus.
695 4436 769 4501 Hoc
790 4458 854 4501 non
867 4441 906 4501 eb
921 4437 985 4502 dixi
1000 4437 1084 4522 quod
1097 4459 1232 4503 errorem
1253 4437 1339 4502 levem
1351 4431 1462 4508 nnunp‘

292 4527 428 4592 virorum
447 4539 555 4593 notare
574 4524 737 4610 gaudeam,
760 4523 817 4590 sed
831 4522 933 4604 solum
948 4537 984 4589 ut
997 4525 1216 4604 demonstrem,
1232 4519 1335 4609 quanti
1345 4531 1394 4580 cau
1404 4515 1462 4576 con,

471 4863 636 4910 ,—[
