3059 4984
407 299 663 366 CARMINUM
687 298 830 365 LIBER
854 299 884 366 l.
905 301 958 366 27.
1249 298 1293 363 63

49 439 174 505 Frater
190 436 344 524 Megillae,
359 459 422 522 quo
436 438 545 502 bertin
882 436 985 497 Metine
1002 436 1081 494 mar,
1098 453 1145 498 (1¹¹⁰
1165 436 1220 484 senx
1236 437 1292 494 ictu.

50 526 216 602 Vulnere,
232 522 295 610 quia
310 536 417 609 pereat
432 525 556 609 sagittis.
879 504 1291 628 {xffiffljgffitahfffiffi

95 612 220 676 Cessat
231 610 395 676 voluntas?
419 609 494 674 Non
508 607 569 674 aliti
582 609 685 673 bibam
879 635 971 694 potabo.
1001 634 1067 680 Certe
1078 633 1184 692 quisquis
1195 642 1292 679 teamm

50 698 227 763 Mercede.
273 697 354 770 Quae
368 709 400 761 te
413 719 536 781 cunque
552 697 657 762 domat
670 694 790 771 Venus,
880 706 951 754 anet,
972 698 1036 744 mua
1056 698 1167 759 pureum
1188 697 1293 746 ucenae

50 784 135 848 Non
150 783 375 849 erubescendis
391 783 492 848 adurit
825 781 864 845 15
879 763 1292 888 fflfflisslffgfflffif

51 870 199 955 Ignibus
211 896 220 949 3
234 871 433 955 ingenuoque
447 891 568 954 semper
879 906 972 952 cunque
983 892 1026 938 sm
1039 901 1082 947 at,
1097 892 1205 939 fidebam
1222 894 1291 940 erede

94 958 225 1021 Amore
238 977 358 1042 peccas.
403 955 562 1040 Quicquid
575 954 681 1032 habes,
697 974 766 1038 age,
879 957 997 1003 runculis
1035 958 1073 1003 Ab
1096 957 1189 1033 infelix,
1219 964 1291 1034 quun

49 1043 200 1128 Depone
215 1043 288 1106 tutis
303 1042 438 1107 auribus.
481 1041 531 1105 Ah
544 1043 647 1120 miser,
878 1023 1291 1134 pppaeumqragmgmctmno

50 1127 195 1229 Quanti
210 1128 331 1193 laboras
338 1129 379 1228 'in
394 1126 563 1233 Charybdi,
879 1102 1292 1228 mgniicffflasemselqddffiiae

49 1213 722 1385 ”bibilffiliiflilllilmaai.
821 1213 864 1277 2⁰
878 1218 1291 1341 Mididi-iiiiii

50 1387 179 1473 Magni*
191 1388 333 1464 venenis,
348 1387 418 1470 ‘1⁰5⁸
433 1387 545 1470 p0lerit
556 1385 670 1451 Deus?
878 1354 949 1407 ‘¹⁰²⁸‘
965 1347 1092 1409 ΨΜ
1125 1347 1178 1407 ¹¹³oe
1189 1348 1291 1408 ¹³⁸8⁸⁸¹¹⁸

50 1474 122 1538 vix
136 1473 292 1558 illigatum
304 1484 334 1538 te
349 1472 477 1537 triformi

545 1586 812 1633 ANNOTATIONES.

47 1676 245 1724 etsctubismus
255 1675 415 1722 ilhchabebat
425 1676 509 1723 locum.
543 1677 581 1723 Sic
590 1653 661 1734 igitur
693 1674 764 1721 miser
775 1674 879 1736 periisti:
890 1675 981 1722 meliori
991 1675 1094 1736 protecta
1104 1685 1166 1723 sorte
1177 1684 1201 1723 et
1212 1691 1291 1724 amore

48 1743 355 1803 epuliprogressumerum
364 1741 661 1802 poscebant3atqueamico
693 1739 844 1799 dignuseras.
880 1741 1291 1802 Charybdiomniaabsorbentibene

50 1809 88 1853 rel
99 1807 189 1853 amicae
201 1806 313 1862 libabant,
326 1821 354 1852 ae
367 1809 427 1853 bene
439 1808 600 1867 precabantur.
620 1806 661 1851 Ti·
693 1812 841 1864 comparatur
851 1819 921 1851 avara
928 1806 1046 1851 meretrix.
1077 1807 1158 1853 Cicero
1171 1807 1254 1867 Philip.
1266 1810 1289 1854 2.

50 1870 239 1918 munitat.
694 1884 717 1915 n.
734 1869 774 1924 67.
815 1870 871 1919 Quoe
900 1870 1027 1931 Charybdis
1053 1878 1100 1917 tam
1122 1875 1214 1918 sorar?
1247 1873 1291 1918 Est

49 1939 100 1983 Sed
108 1939 166 1983 bne
178 1936 492 1997 Messalamsaaqaisqaead
500 1937 582 1997 pacala
589 1937 660 1993 dieat,
692 1934 786 1995 proprie
797 1949 890 1992 vorago,
901 1950 942 1980 seu
953 1950 1039 1994 gurges
1054 1935 1180 1982 vorticosus
1194 1936 1218 1981 in
1231 1937 1290 1983 freto

85 2002 422 2062 Nmetabsestissiagala
431 2002 587 2048 serbasaneat.
693 1999 779 2052 Siculo,
798 2000 828 2045 ad
846 1999 986 2054 Messanam,
1004 1999 1082 2054 bodie,
1101 2001 1162 2059 Cape
1180 2003 1205 2046 di
1222 2001 1290 2057 Fara,

51 2066 200 2116 erimtism
210 2074 243 2111 tot
254 2066 351 2125 cyathos
361 2065 507 2121 hauriebant,
519 2065 660 2126 quotliteras
693 2065 729 2111 rel
748 2065 810 2124 Cape
826 2064 895 2119 Fara,
917 2066 947 2109 ob
967 2063 1069 2109 Pharum
1090 2065 1138 2110 illic
1158 2065 1291 2111 excitatam.

52 2131 130 2176 amici
142 2130 272 2177 selamim
285 2145 372 2177 nomen
385 2131 525 2177 matinebat.
558 2130 659 2178 Martial.
694 2129 839 2175 Pabulantur
854 2139 933 2174 autern
951 2136 1053 2175 scortum
1073 2128 1145 2175 fuisse
1165 2130 1291 2189 rapacitate

57 2195 81 2241 l.
95 2195 139 2249 72
693 2192 815 2248 fumosum,
821 2194 884 2253 quod
894 2195 948 2238 cum
956 2193 1064 2239 Herculis
1070 2194 1206 2240 abduxisset
1213 2197 1291 2251 boves,

53 2260 385 2321 Nesiaseseyatbiaseptem
395 2260 487 2307 Iustina
499 2261 596 2307 bibatur.
694 2259 776 2305 aiore
787 2257 936 2304 fulminatum
949 2258 973 2303 in
987 2273 1051 2304 marc
1064 2259 1234 2319 precipitatum
1248 2269 1291 2316 est,

90 2325 296 2385 Opntrisl’sater
309 2321 431 2386 Megillo]
453 2325 498 2370 Per
513 2333 592 2371 notam
608 2324 661 2385 pul·
693 2330 764 2383 atque
782 2324 806 2368 in
821 2323 882 2368 hanc
899 2323 1035 2383 voraginem
1051 2331 1175 2370 mutatum.
1208 2324 1290 2386 Virgil.

52 2389 195 2436 dmmdine
222 2389 344 2449 Megillam
371 2392 421 2450 ejus
446 2388 516 2436 fraoer
537 2389 661 2437 indicatur.
695 2387 789 2436 AEneid.
801 2388 823 2435 b
833 2403 854 2433 v.
865 2388 920 2434 420.

51 2456 158 2501 Oriundi
170 2462 280 2500 erentes
292 2455 386 2514 Opunte
399 2454 503 2501 Locridis
513 2457 578 2501 urbe.
723 2453 835 2500 nasum
844 2454 921 2514 Scylla
930 2454 998 2508 latas,
1008 2454 1086 2500 houm
1096 2455 1218 2515 implacata
1230 2454 1291 2501 Cita-

87 2519 126 2567 ll.
147 2520 288 2569 Quaem
295 2516 413 2579 Vulnera]
431 2520 659 2580 Cujusamoretene·
820 2519 900 2579 rybdis

50 2591 120 2630 stur:
144 2586 196 2644 qui
217 2583 343 2645 Cupidinis
362 2584 447 2644 sagitti
465 2599 588 2645 permissus
608 2584 659 2630 lan-
727 2583 1072 2643 Obsidetsatqaeimabaratbri
1080 2586 1292 2647 tergargitevastas

50 2659 134 2709 guest,
145 2663 223 2709 quam
229 2649 346 2708 virginem
356 2657 398 2694 aut
410 2649 532 2695 mulierem
543 2649 659 2710 depereat
725 2649 804 2694 Sorbet
812 2649 836 2693 ia
846 2648 1062 2707 abruptamfluctaa
1074 2648 1112 2710 isc.

52 2715 152 2768 Μαι,
164 2713 286 2772 siquidem
297 2714 467 2760 redamabatur.
693 2713 788 2758 &neca
807 2712 881 2772 Epist.
896 2713 935 2766 79.
971 2713 1098 2773 Charybdis
1112 2729 1142 2759 aa
1158 2715 1292 2774 respondeat

87 2778 127 2826 la
146 2774 376 2839 wodeston]
419 2777 660 2826 Renuebatindioare
685 2774 784 2838 fabalis,
806 2778 920 2837 perscribi
939 2779 994 2823 mibi
1012 2779 1228 2825 desidera....Fae
1252 2796 1292 2826 nas

53 2844 158 2890 nunno
177 2843 284 2902 Megille
301 2843 380 2897 staur,
398 2858 468 2902 quam
486 2843 619 2889 adamaret:
636 2850 661 2889 at
691 2844 799 2889 certiores
815 2846 892 2888 sirim
911 2857 955 2888 aaa
975 2847 1062 2887 tantam
1081 2849 1145 2889 cento
1164 2851 1249 2904 agatur
1267 2847 1291 2890 in

52 2910 94 2955 ille
103 2910 238 2967 monetjus
248 2921 300 2953 esse
310 2907 467 2962 convivarum,
478 2906 502 2953 id
513 2910 543 2953 ab
553 2921 660 2968 unoquo-
691 2909 793 2962 vestim,
810 2922 840 2952 aa
857 2909 927 2953 omnis
940 2913 1060 2967 tempestas
1075 2912 1139 2968 aque
1155 2908 1214 2954 iliad
1228 2924 1291 2955 amre

50 2989 100 3032 que
111 2973 231 3019 sodalium
240 2972 349 3032 exigere:
361 2987 433 3032 quare
444 2972 482 3018 hic
490 2972 569 3018 statim
579 2979 660 3033 postea
691 2978 850 3033 contorqueat:
865 2978 888 3018 et
898 2987 928 3017 aa
942 2986 1018 3017 aeram
1024 2973 1055 3017 sit
1065 2973 1173 3032 quicquid
1182 2974 1220 3018 illa
1230 2970 1292 3032 freti

50 3041 211 3098 obtemperat,
221 3052 324 3097 suosque
335 3051 425 3083 amores
435 3038 495 3083 clim
504 3045 590 3094 tamen,
602 3037 659 3083 etin
692 3038 780 3083 turbine
791 3038 908 3096 abreptum
918 3043 959 3092 est,
1020 3038 1091 3082 malta
1099 3038 1170 3082 mdba
1181 3039 1249 3083 tralm

54 3117 142 3149 aurem
152 3103 264 3148 declarat.
723 3100 763 3148 21.
784 3102 914 3162 Quaesagm
930 3103 967 3164 lio.
1016 3101 1076 3146 cam
1090 3100 1190 3147 videaris
1202 3099 1291 3148 fascino

90 3162 415 3227 Nsaulidbibambiercede]
432 3165 484 3213 Nisi
491 3166 551 3213 hane
559 3165 659 3213 convivii
692 3173 716 3212 et
726 3166 904 3213 incantamentis
919 3174 966 3212 tam
981 3166 1110 3226 pernicioso
1122 3181 1200 3213 amore
1211 3167 1290 3227 impli-

53 3233 136 3290 legem
152 3234 269 3286 observas,
286 3245 330 3277 nee
345 3231 416 3276 aliam
432 3246 482 3291 ego.
517 3231 541 3277 Si
559 3231 660 3292 quasit
691 3230 815 3285 citus3vi1
832 3239 928 3292 apparet
940 3231 1021 3276 salutis
1038 3230 1082 3276 via
1117 3232 1176 3282 Quis
1190 3232 1252 3278 enim
1267 3240 1290 3278 te

52 3297 134 3342 amica
145 3305 193 3351 tus,
206 3311 300 3342 recusas
313 3296 417 3356 aperire3
432 3310 475 3355 ego
489 3311 582 3356 quoquc
594 3311 658 3342 more
690 3296 761 3342 homo
778 3296 874 3355 magicis
891 3296 980 3341 artibus
997 3296 1094 3356 pollens,
1112 3296 1165 3356 quis
1184 3306 1208 3342 et
1226 3296 1290 3343 Deus

53 3365 173 3422 msJorom
192 3361 273 3407 bibere
290 3361 430 3406 detrectabo.
464 3361 534 3421 Apud
553 3361 575 3407 l.
595 3361 657 3421 Lips.
691 3360 801 3421 expedire
811 3369 883 3420 queat
892 3360 956 3407 fatali
968 3362 1031 3406 velut
1044 3375 1107 3406 nexu
1120 3361 1240 3406 astrictum
1254 3369 1290 3407 at-

51 3427 92 3472 eit.
104 3435 129 3473 et
139 3427 192 3472 hnc
203 3426 304 3472 convivii
320 3426 357 3471 lex
371 3425 483 3479 hebetum
501 3430 515 3471 a
529 3442 613 3472 mmma
628 3427 660 3472 ad
691 3441 737 3485 qne
749 3426 882 3484 illigatum?

51 3490 313 3552 hemmenajarum
322 3492 419 3538 bibrata
444 3490 658 3537 ltemhsecalterat
726 3491 840 3538 Thessalis
851 3491 935 3551 Magus
946 3485 1055 3549 venenis]
1089 3489 1215 3536 Venenatia
1226 3492 1290 3538 etad

48 3559 130 3603 &ress
140 3558 220 3618 cyatbi
229 3572 316 3602 samma
321 3557 382 3616 potio
389 3561 460 3602 santa.
690 3554 864 3601 incantamenta
874 3553 1037 3600 efficacissimis
1048 3554 1126 3601 herbis
1135 3555 1159 3601 in
1169 3556 1291 3603 Thessalia

88 3621 127 3667 la
148 3622 204 3672 Qus
216 3628 336 3682 ursaque
348 3623 423 3667 densat
438 3617 581 3683 limaisa]
616 3621 657 3666 ln·
690 3618 955 3680 copiosecrescentibus.
989 3619 1063 3665 Aiunt
1077 3619 1187 3666 nimirum
1204 3621 1289 3677 Poe'tae,

53 3695 99 3731 stat
112 3685 236 3740 Horatius,
251 3700 281 3732 ne
291 3688 412 3732 erubescat
424 3685 463 3731 ille
478 3684 581 3731 indicare
592 3700 657 3731 ama·
691 3685 800 3731 Medeam
812 3684 864 3729 illac
876 3684 1011 3743 fugientem,
1024 3686 1078 3731 a'ere
1093 3686 1215 3740 sublatam,
1232 3687 1289 3732 scri·

50 3752 121 3804 siam,
144 3753 214 3810 cujus
230 3755 288 3797 sane
304 3765 376 3805 amor,
400 3756 479 3810 utpote
496 3749 612 3809 ingenua,
634 3757 658 3796 et
690 3749 779 3795 niolam
797 3748 914 3794 veneficiis
934 3757 958 3795 et
978 3750 1056 3795 herbis
1076 3750 1171 3809 magicis
1193 3751 1289 3811 plenum

53 3816 167 3862 hamus
183 3816 222 3870 sit,
236 3815 397 3874 ingloriosum
414 3816 529 3875 quantum
542 3814 591 3876 ipse
604 3815 656 3875 qui·
690 3813 808 3874 deiecisse.
823 3813 903 3874 sicque
913 3829 994 3874 sparsa
1004 3815 1044 3860 illa
1054 3815 1187 3875 pullulisse.
1222 3815 1288 3877 ilpu-

52 3881 109 3926 dem
118 3880 278 3926 existimabat.
688 3878 748 3925 leius
758 3880 821 3940 apud
834 3879 979 3925 Thessaliam
992 3879 1017 3925 in
1030 3881 1123 3925 asinum
1136 3895 1160 3926 se
1172 3889 1288 3927 mutatum

89 3945 126 3999 17.
163 3946 281 4007 Quicqmd
289 3947 364 4002 bobes,
375 3945 466 4005 Depone
477 3941 655 4005 tatieauribar]
688 3944 782 3997 scribit3
807 3944 962 4005 Metamorph.
986 3959 1027 3991 sen
1051 3946 1081 3990 de
1099 3945 1172 3991 Asino
1195 3946 1288 3993 Aureo:

54 4009 169 4070 Quisquis
180 4009 285 4056 sitamor
293 4018 356 4064 tuus,
367 4012 417 4054 tuto
425 4009 484 4055 mihi
492 4010 584 4056 declara
592 4009 656 4056 fideli
688 4008 823 4068 ibidemque
836 4009 946 4055 describit
956 4009 1112 4055 veneficarum
1124 4010 1289 4057 Thessalamm

52 4089 196 4120 varmum
208 4074 314 4120 custodi:
332 4075 392 4121 clam
403 4074 484 4120 saltem
496 4075 567 4135 aperi,
578 4074 598 4121 si
610 4089 656 4120 non
688 4082 834 4134 apparatum,
841 4082 919 4133 atque,
931 4081 957 4119 ut
964 4074 996 4119 ait
1005 4075 1062 4135 ipse,
1066 4072 1288 4134 feralemtffm'aam

56 4139 93 4185 vis
102 4140 193 4200 patim:
208 4154 238 4186 ne
256 4139 338 4185 dubita
350 4139 407 4184 mihi
422 4146 536 4185 secretum
549 4140 656 4186 commit-
689 4138 749 4185 Vide
760 4139 821 4184 Plin.
833 4138 872 4184 lib.
884 4138 923 4186 30.
935 4155 984 4199 cap.
995 4139 1015 4185 l.
1028 4140 1067 4185 ubi
1079 4146 1103 4184 et
1112 4140 1184 4186 refert
1190 4141 1287 4188 Menan·

54 4213 112 4254 tere.
124 4205 187 4265 qaod
198 4204 440 4264 inritotenunquam
451 4204 565 4250 revelabo.
688 4205 754 4250 dram
774 4204 903 4250 lbessalam
924 4207 1088 4266 cagrwmiadsse
1097 4204 1211 4267 fabulam,
1229 4223 1287 4252 com·

89 4268 126 4316 lb
142 4272 182 4317 Aa
193 4265 283 4329 ntem]
308 4269 372 4328 Ergo
382 4269 483 4328 Megillae
493 4268 563 4314 frater
573 4269 657 4315 annuit
684 4270 776 4329 pteram
788 4271 893 4331 ambages
901 4266 1049 4331 faeminarum
1062 4272 1227 4317 detrahentium
1238 4271 1287 4317 La·

54 4336 159 4388 uatem,
175 4343 200 4381 et
210 4333 311 4380 amicam
324 4349 392 4380 suain
406 4334 494 4380 indicat
505 4333 616 4380 Horatio:
633 4342 658 4380 at
689 4350 748 4380 nam.

52 4399 94 4444 bis
105 4400 205 4446 audieus
216 4413 271 4458 qus
281 4398 370 4455 sitilla,
383 4399 486 4459 erumpit
498 4399 523 4444 in
534 4398 656 4446 commise-
722 4398 760 4446 23.
781 4399 825 4444 Vre
845 4400 958 4460 illigatam
975 4405 997 4446 te
1019 4396 1124 4460 trifonia,
1141 4394 1192 4460 la]
1234 4398 1288 4458 lpse

53 4464 152 4511 nuans
163 4479 233 4510 voces
245 4463 308 4509 istas.
691 4462 846 4524 Bellerophon
861 4464 902 4523 qui
920 4464 1009 4523 Pegaso
1025 4464 1129 4510 insidens
1147 4461 1289 4509 Cbimaeram

87 4527 125 4577 lb
143 4530 240 4580 &aaa
251 4529 341 4574 laboras
350 4530 372 4574 ia
383 4524 519 4590 Charybdi]
545 4528 604 4574 'l'am
614 4543 656 4588 pe·
688 4528 813 4582 interiecit,
826 4529 901 4589 capite
914 4535 938 4574 et
951 4529 1025 4574 sormi
1038 4528 1123 4589 triplici
1139 4527 1289 4584 horrendam,

54 4592 153 4641 ricsloee
164 4597 320 4653 amesquim
331 4592 351 4637 si
362 4608 414 4640 cum
426 4593 545 4654 Charybdi
556 4593 656 4640 luctare·
689 4592 728 4638 vix
746 4601 768 4640 te
787 4593 895 4640 liberabit
911 4594 940 4637 ab
959 4593 1004 4639 ista
1024 4595 1096 4653 prava
1114 4589 1212 4635 muliere
1234 4592 1290 4641 huic

55 4657 95 4702 ris
127 4659 223 4706 Scilicet
231 4658 347 4718 ejusmodi
355 4657 594 4718 mulleremdeperisl
618 4659 656 4706 Ah
689 4666 793 4705 monstro
802 4673 848 4704 non
857 4656 966 4703 absimili.
999 4658 1058 4702 Vide
1069 4656 1137 4702 iniri
