3059 4984
376 284 569 350 DACERII
594 283 853 350 PRAEFATIO.
1159 284 1221 348 821

59 452 144 527 lucere,
161 448 220 515 brec
232 449 333 514 omnia
346 447 425 513 nihil
440 449 586 515 eximium
601 449 727 529 habent,
749 470 817 527 nec,
841 459 877 514 ut
899 448 1036 533 loquitur
1051 447 1223 533 Epictetus,

59 537 182 621 quidquam
201 534 316 621 pulchri
340 547 394 599 aut
415 538 554 620 sapiente
569 538 707 621 dignum.
752 536 805 600 Ad
826 536 886 600 hoc
910 536 1000 601 nobis
1023 536 1225 600 annitendum

59 637 98 699 st,
116 624 166 687 hoc
179 644 249 707 opus
263 634 402 686 nostrum
418 635 466 686 est
479 621 672 707 palmarium,
695 646 786 690 usum
808 635 840 687 et
858 623 993 686 rationes
1013 620 1123 686 horum
1146 644 1225 706 prae·

59 724 173 793 aptorum
185 709 351 784 ostendere,
375 709 543 793 eademque
566 711 799 775 auctoritatibus
814 708 931 786 fulcire,
954 719 990 772 ut
1010 707 1112 792 palam
1128 710 1227 772 omni-

59 795 156 870 rusfiat,
169 817 217 859 eos
230 796 281 879 qui
304 817 405 858 mores
427 817 501 859 suos
523 795 563 860 ad
585 795 645 861 hoc
668 795 829 880 speculum
843 816 1028 879 componere
1051 794 1224 878 negligunt,

59 883 112 944 uris
123 880 208 945 facere
221 883 354 964 aegrotis,
369 881 422 965 qui
439 881 545 961 libros,
564 883 618 945 ubi
639 883 776 947 remedia
799 883 915 946 morbis
933 882 996 945 suis
1020 882 1226 965 praescribun-

61 989 94 1043 ur,
110 966 197 1049 legere
210 970 355 1044 contenti,
378 966 497 1032 Medici
517 968 646 1033 consilio
666 980 785 1033 tantum
808 969 895 1033 abest
915 980 950 1031 ut
969 978 1106 1045 utuntur,
1128 980 1164 1031 ut
1185 990 1225 1032 ne

59 1053 185 1137 oteligant
197 1055 317 1136 quidem
332 1055 399 1139 ejus
415 1054 586 1119 utilitatem.

81 1138 137 1202 Non
149 1140 224 1222 quod
238 1162 296 1223 ego
317 1141 349 1203 in
369 1143 595 1205 commentariis
616 1142 693 1204 meis
708 1141 871 1225 quicquam
895 1140 995 1205 sciens
1014 1138 1122 1204 volens
1146 1162 1225 1225 prae-

59 1227 201 1303 emiserim,
224 1226 307 1310 quod
330 1227 371 1291 ad
393 1226 592 1292 Grammatici
615 1228 749 1293 officium
775 1228 936 1311 pertineat.
981 1225 1079 1310 Spero
1101 1226 1134 1290 id
1157 1248 1227 1291 sen·

60 1333 114 1374 uros
125 1334 183 1375 esse
197 1312 351 1391 Lectores,
374 1334 474 1396 neque
492 1314 557 1397 jam
571 1312 666 1378 ullam
685 1313 913 1396 supersuturam
935 1313 967 1376 in
982 1311 1083 1376 verbis
1100 1310 1224 1377 Horatii

59 1395 233 1462 lifficultatem:
255 1411 287 1462 at
310 1400 343 1464 in
362 1399 443 1463 hano
458 1421 562 1464 curam
582 1400 736 1484 praecipue
751 1401 888 1477 incubui,
902 1410 937 1463 ut
951 1408 1141 1482 argumenta,
1155 1421 1226 1483 quae

60 1496 137 1559 tacut,
156 1484 352 1562 illustrarem3
375 1487 538 1562 rationum,
554 1509 631 1570 quas
645 1485 782 1561 adhibet,
806 1485 990 1550 soliditatem
1009 1485 1224 1569 indigitarem3

59 1580 74 1630 ιι
83 1570 232 1654 expedirem
246 1572 392 1636 circuitus
407 1584 439 1636 et
462 1573 618 1655 ambages,
640 1594 699 1657 per
712 1593 790 1656 quas
805 1593 1025 1656 nonnunquam
1047 1571 1163 1636 incedit
1186 1572 1226 1636 ad

59 1652 131 1719 ›lacila
150 1679 199 1721 sua
219 1657 439 1735 confirmanda,
461 1670 492 1722 et
511 1659 551 1723 ad
565 1658 718 1723 contraria
740 1658 912 1734 refutanda,
933 1658 981 1722 vel
996 1657 1167 1736 eludenda3
1191 1670 1226 1722 ut

59 1742 169 1806 uitatem
190 1746 392 1809 assertionum
414 1745 511 1830 ipsius
534 1743 719 1821 stabilirem
742 1756 778 1809 ut
792 1745 940 1809 vafritiem
961 1745 1039 1829 ejus,
1061 1744 1115 1807 ubi
1137 1746 1225 1828 quasi

60 1828 190 1893 xiosidiis
211 1832 283 1915 agit,
308 1853 379 1915 quas
400 1829 562 1896 Lectorem
584 1833 758 1916 imperitum
776 1829 867 1896 facile
881 1831 990 1915 fugiat,
1013 1830 1110 1896 oculis
1130 1853 1227 1915 expo·

59 1933 141 1991 eren3
166 1927 197 1980 ut
217 1918 350 2002 denique
373 1918 406 1981 in
431 1919 566 2003 apricum
590 1917 757 1999 proferrem
782 1915 945 1981 ridiculum
971 1917 1059 1993 illud,
1083 1916 1168 2001 quod
1192 1918 1225 1980 in

59 2000 157 2065 mnibus
189 2025 241 2067 uas
254 2014 417 2089 oppugnat
435 2005 529 2068 rebus
543 2002 695 2069 adhibuit
741 2003 822 2068 Haec
837 2015 909 2067 sunt
922 2003 1077 2088 quaefecit
1091 2016 1161 2066 ante
1176 2024 1226 2069 me

59 2104 122 2149 eno.
158 2112 233 2154 .am
256 2104 292 2155 ut
316 2103 364 2154 est
387 2090 540 2154 Horatius
559 2111 650 2154 verus
674 2088 818 2166 Proteus,
840 2111 922 2175 saepe
937 2089 1050 2154 formas
1066 2088 1223 2168 variando,

59 2182 191 2256 uterpretes
205 2198 277 2241 suos
291 2199 378 2262 saepe
392 2176 512 2261 effugit,
527 2178 579 2261 qui
595 2174 665 2241 cdnr
684 2177 785 2260 ipsum
801 2176 1032 2260 deprehendere
1052 2177 1224 2259 nequirent,

60 2268 169 2340 turpentes
184 2261 331 2341 fecerunt,
354 2262 438 2346 quod
459 2275 634 2347 potuerunt
679 2262 856 2327 Afflserunt
875 2263 903 2326 ei
925 2283 1135 2346 saepenumero
1156 2284 1227 2326 sen-

60 2362 98 2404 un
108 2366 157 2411 non
171 2347 266 2413 soldm
280 2349 449 2425 diversum,
472 2349 632 2413 sedetiam
654 2349 826 2424 adversum,
848 2370 1002 2433 quemque
1021 2350 1088 2434 ipse
1103 2369 1141 2411 eo
1155 2348 1226 2414 loco

60 2427 152 2496 efellere
171 2434 271 2500 voluit
318 2434 395 2499 Non
418 2435 503 2519 qudd
526 2457 586 2519 ego
606 2435 769 2519 quicquam
789 2435 959 2500 detractum
981 2437 1026 2500 eis
1046 2434 1148 2511 velim,
1171 2437 1225 2520 qui

59 2527 100 2577 ute
117 2539 157 2583 ne
171 2520 299 2586 Horatio
314 2519 500 2586 illustrando
519 2520 656 2585 laborem
678 2542 770 2586 suum
788 2522 1002 2587 contulerunt:
1025 2521 1118 2587 laudo
1133 2544 1226 2586 cona·

59 2620 84 2661 tu
96 2602 207 2684 illorum,
219 2607 263 2672 illi
278 2607 448 2673 mihi‘viam
464 2619 659 2693 aperuerunt.
704 2606 812 2692 Siquis
827 2610 858 2673 in
873 2630 907 2672 re
917 2631 977 2694 ego
988 2607 1058 2672 illos
1074 2609 1226 2694 superavi,

59 2705 115 2751 tnnc
126 2690 191 2756 illud
203 2705 363 2780 acceptum
383 2694 483 2759 refero
499 2695 618 2778 magnis
634 2694 702 2758 istis
716 2716 757 2758 ex
771 2697 953 2779 antiquitate
967 2696 1051 2772 viris,
1069 2718 1146 2780 quos
1161 2716 1227 2759 ma·

59 2791 95 2835 ore
112 2798 169 2842 rum
188 2780 271 2859 curri,
296 2781 415 2866 majore
437 2778 521 2845 certe
547 2782 623 2861 otio,
647 2779 720 2864 legi,
751 2781 925 2845 Homerum
948 2781 1027 2858 dico,
1052 2780 1225 2858 Platonem,

59 2859 213 2942 iristotelem‚
234 2867 376 2952 aliosque
392 2880 453 2931 tam
469 2867 608 2943 Graecos,
633 2867 728 2950 quam
744 2867 883 2944 Latinos,
907 2889 985 2951 quos
1005 2868 1131 2931 assidue
1149 2880 1225 2940 tero,

59 2953 74 3036 fl
89 2946 223 3042 {deorum
243 2967 373 3039 gustum
395 2954 558 3018 reformem
580 2975 693 3029 meum,
718 2975 887 3038 eorumque
900 2953 1038 3019 fontibus
1055 2953 1178 3038 Ingenii
1195 2967 1227 3017 et

59 3029 139 3097 ludicii
148 3041 198 3101 nei
211 3039 355 3105 hortulos
369 3041 502 3125 irrigem.

66 3113 143 3210 'Non
155 3122 261 3205 desunt,
283 3128 363 3203 scio,
385 3125 433 3190 his
449 3127 639 3209 temporibus
653 3129 707 3210 qui
721 3148 834 3210 magna
847 3125 901 3191 illa
916 3124 1053 3190 Nomina
1066 3127 1130 3190 risu
1145 3128 1229 3192 exci-

59 3215 126 3296 f¹¹¹¹¹b
138 3211 180 3291 qui
192 3213 360 3278 reclamant
374 3211 525 3290 laudibus,
541 3213 654 3297 quibus
673 3235 729 3297 per
743 3215 847 3278 omnia
861 3212 965 3278 secula
979 3211 1124 3278 celebrati
1139 3234 1230 3277 orna·

59 3304 113 3388 tque
132 3308 199 3373 sunt,
223 3302 341 3384 quique
368 3298 438 3363 illos
464 3298 597 3382 spoliare
618 3298 714 3363 velint
735 3300 773 3363 iis
795 3301 929 3377 coronis,
955 3322 1033 3383 quas
1058 3309 1144 3363 tanto
1170 3321 1228 3363 suo

59 3389 130 3440 rento
142 3380 174 3445 de
186 3384 407 3451 Tribunalibus
427 3385 504 3449 adeo
518 3386 657 3469 augustis
674 3383 883 3469 reportdrunt.
927 3385 971 3449 Αι
985 3386 1028 3462 hi,
1044 3385 1117 3450 dum
1134 3386 1229 3449 nimio

61 3456 180 3560 feruntur
195 3474 296 3537 studio
311 3494 382 3536 eam
396 3471 551 3535 devitandi
574 3471 818 3544 admirationem,
841 3473 929 3556 cujus
951 3481 1053 3535 muter
1073 3484 1122 3535 est
1140 3471 1230 3558 igno·

59 3556 136 3626 “limi
156 3555 363 3641 imprudentes
383 3556 548 3622 discedunt
571 3558 611 3622 ab
636 3556 735 3622 attera
756 3557 821 3634 illa,
844 3580 936 3642 quarn
958 3556 1049 3622 Plato
1071 3570 1230 3643 nuncupat

59 3641 190 3726 'titensa
216 3645 223 3658 ’
260 3646 328 3726 tr‘oe,
343 3666 474 3729 quaeque
490 3646 589 3729 prima
604 3643 710 3709 oculos
726 3643 902 3708 hominibus
922 3645 1051 3728 aperuit.
1097 3643 1229 3712 Minime

59 3736 116 3821 uror
127 3726 188 3808 pulc
210 3732 376 3797 titudinem
392 3730 475 3794 illam
492 3729 636 3807 divinam,
653 3753 723 3814 quae
737 3731 821 3815 apud
837 3730 1010 3816 Scriptores
1033 3730 1127 3817 longe
1151 3754 1229 3816 prae·

59 3813 213 3879 unissimus
227 3816 340 3895 elucet,
364 3818 440 3881 istos
455 3815 597 3881 homines
612 3838 675 3881 non
689 3839 810 3902 capere,
836 3838 937 3901 neque
953 3816 1094 3882 trahere:
1118 3841 1229 3904 nempe

59 3887 193 3964 ofirniores
220 3917 301 3978 sunt,
334 3904 428 3988 qualm
455 3913 489 3967 ut
514 3902 620 3968 oculos
646 3903 738 3967 tantis
767 3902 985 3988 splendoribus
1014 3906 1150 3970 intentos
1176 3908 1231 3971 diu

59 3993 124 4074 turre
139 4001 259 4067 queant:
282 4012 323 4054 ne
348 3990 446 4054 dicam
468 3988 589 4054 facilem
609 4010 678 4054 esse
699 4011 764 4054 rem
780 3991 935 4074 Antiquos
957 4002 1164 4070 contemnere,
1187 3992 1231 4058 la·

59 4080 167 4135 tuorum
179 4079 248 4141 vero
262 4074 447 4159 intelligere.

77 4149 155 4222 Quod
175 4160 213 4224 ad
237 4183 285 4226 me
311 4164 431 4239 attinet,
456 4160 588 4226 Divinos
603 4160 673 4226 illos
689 4159 784 4226 Viros
805 4183 847 4226 ex
868 4162 970 4226 animo
990 4172 1074 4228 totus
1097 4165 1231 4228 admiror

60 4252 210 4332 tueturque.
254 4246 321 4313 Eos
335 4247 409 4312 mihi
425 4269 547 4330 semper
557 4248 598 4312 ob
612 4246 719 4312 oculos
734 4270 828 4332 pono,
844 4247 929 4313 velut
938 4246 959 4311 J
963 4249 1069 4313 udices
1081 4250 1230 4315 verendos

60 4333 259 4415 troconuptos,
281 4333 370 4418 apud
383 4356 462 4418 quos
476 4334 608 4400 libenter
621 4334 707 4419 fingo
721 4334 910 4399 reddendam
930 4335 1006 4400 mihi
1020 4357 1089 4400 esse
1103 4336 1232 4420 scripto·

59 4424 231 4482 fumeorum
246 4423 407 4484 rationem.
841 4421 847 4435 '

59 4490 180 4586 ,Magna
199 4505 319 4571 interim
336 4506 431 4572 ducor
447 4505 640 4573 Posteritatis
662 4505 853 4574 reverentii:
876 4507 1012 4574 timidior
1026 4505 1119 4591 quarn
1134 4505 1234 4569 fiden-

59 4597 91 4642 ιιι
103 4589 204 4670 cogito,
219 4592 308 4676 quale
324 4594 364 4659 de
379 4595 524 4680 operibus
541 4594 628 4671 meis,
646 4594 672 4659 si
686 4595 770 4660 bono
786 4616 842 4660 suo
856 4591 920 4659 fato
934 4597 972 4659 eb
987 4591 1146 4681 pervenire
1160 4612 1234 4677 pos-
1275 4609 1277 4614 ·

612 4699 634 4744 r
