3059 4984
309 289 642 357 EPISTOLARUM
666 292 927 361 multumt.
1171 298 1237 364 oto

46 426 76 491 ts
85 425 188 512 pbcuit
200 426 266 504 sibi,
282 426 391 493 natmd
406 428 544 495 sublimis
558 441 591 496 et
603 452 683 498 acer.
750 432 813 496 165
823 440 848 479 ²²
857 434 1232 494 plseuemnsnutmimoexoem

46 512 106 576 Nam
120 514 207 596 spirat
219 514 365 599 tragicum
381 517 465 593 satis,
481 527 514 581 et
526 516 656 583 feliciter
669 517 780 583 audet:
823 498 1133 626 ffi'ffiussdffiflff
1139 501 1232 627 m}

46 599 90 663 led
112 609 221 681 turpem
247 612 334 684 putat
358 603 390 666 in
416 603 549 687 scriptis,
580 605 749 689 metuitque
774 603 867 675 li-„oe
886 629 1009 677 infeliciter
1025 640 1188 691 exequuntur:
1206 638 1232 677 ss

145 696 236 749 mmm
823 694 943 740 emendari
962 697 1026 754 quod
1043 703 1231 757 composuerunt,

45 768 168 847 treditur,
182 793 221 835 ex
234 773 334 838 medio
349 774 422 857 quia
436 796 485 839 res
500 776 637 854 arcessit,
654 774 768 841 habere
822 758 1230 873 {ffi‘t'uussimfflffiffiffl

45 855 145 929 iudoris
159 858 331 938 minimum3
346 859 403 924 sed
418 859 512 925 habet
526 863 679 927 comoedia
693 874 780 927 tanto
823 903 999 948 qusquamesse
1010 891 1118 945 diffisus,
1129 895 1157 937 so
1167 890 1231 950 quod

45 940 99 1005 ilus
119 944 225 1021 oneris,
249 945 366 1029 quanti)
388 948 486 1011 veniae
509 947 620 1012 minus.
663 947 810 1033 Adspice,
822 954 1230 1003 muemsumisesssssommuni.

140 1027 265 1095 Plautus
749 1034 811 1099 170
823 1018 917 1095 Verum·
931 1023 959 1065 eo
977 1020 1053 1080 inagis
1070 1035 1170 1097 pperosa
1187 1028 1231 1097 eat,

45 1110 95 1183 luo
105 1125 190 1198 pacto
202 1129 305 1200 partes
319 1128 436 1185 tutetur
450 1119 580 1184 amantis
594 1118 719 1204 ephebi,
822 1085 1230 1210 ibimfflmffdbiiiddieiiiss

45 1196 67 1261 it
77 1201 162 1282 patris
175 1205 293 1282 attenti,
309 1202 429 1269 lenonis
443 1216 479 1268 ut
493 1205 649 1270 insidiosi:
823 1221 861 1259 tu·
871 1214 986 1261 smunest
994 1216 1070 1262 officia
1077 1215 1231 1262 adolescentis

45 1283 157 1355 iuantus
171 1288 210 1352 sit
225 1288 411 1355 Dorsennus
426 1291 573 1356 edacibus
588 1292 621 1355 in
635 1293 795 1377 parasitis:
822 1278 952 1389 {mii
962 1279 1118 1356 ’θώων
1131 1280 1231 1355 ,¹0⁰⁰¹¹i⁸
1274 1326 1277 1331 -

850 1351 952 1404 ptantss,
972 1352 999 1390 ut
1015 1344 1102 1391 nimius
1118 1354 1149 1390 stt
1169 1345 1230 1391 Dor·

45 1368 117 1440 iuius
130 1394 191 1438 non
205 1375 354 1441 adstricto
368 1388 527 1461 percurrat
541 1376 661 1462 pulpita
675 1401 784 1444 socco:
823 1422 911 1454 sennua
925 1408 950 1456 tn
967 1409 1076 1470 parasitis
1085 1409 1187 1469 ,unns
1204 1418 1232 1456 ut

45 1456 114 1523 iestit
136 1462 216 1525 enim
242 1483 402 1527 nummum
428 1464 460 1527 in
486 1461 606 1528 loculos
638 1464 810 1529 dimittere:
823 1473 936 1520 ermion
952 1489 1019 1521 socco
1034 1475 1231 1535 proauus-

133 1560 203 1629 post
215 1546 277 1613 hoc
750 1551 812 1615 175
823 1539 876 1613 dat:
886 1539 1007 1615 enimvero
1012 1541 1100 1615 gaudet
1107 1538 1232 1600 pecuniam

44 1648 149 1709 ecurus,
163 1632 265 1712 cadat,
280 1656 323 1699 an
337 1646 423 1700 recto
438 1644 499 1700 stet
512 1634 619 1701 fabula
632 1635 704 1701 talo.
822 1602 1232 1729 ffffigssssuffiuffiffifg‘

823 1733 871 1789 dat,
888 1748 930 1780 seu
941 1733 1009 1781 firmo
1023 1735 1098 1795 gradu
1112 1734 1231 1781 consistat.

489 1803 756 1850 ANNOTATIONES.

44 1904 102 1937 mom
118 1892 215 1940 lectiorle
235 1893 356 1949 delectati,
377 1893 486 1953 quedam
506 1891 601 1940 exiliis
666 1892 1233 1960 hamtesauenmnmpastesserusrwque,

53 1954 152 2005 Lausum
167 1974 305 2007 sermonem
318 1966 409 2005 vertere
419 1957 522 2018 aggressi
538 1964 601 2004 sunt
666 1958 705 2005 Ns
715 1958 790 2005 1111111
800 1961 877 2015 stulte,
888 1963 978 2008 uben.
987 1995 994 2008 .
1004 1994 1026 2008 ..
1037 1995 1058 2009 ..
1069 1995 1091 2008 ..

44 2021 72 2067 rio
79 2021 175 2083 integras
185 2024 259 2071 etiam
270 2023 400 2083 magoediss
410 2024 545 2069 Graecorum
555 2023 601 2069 La·
668 2021 721 2077 171.
741 2024 791 2074 Quo
801 2031 871 2085 paeto
882 2033 962 2086 portes
974 2032 1069 2082 erstem,
1080 2023 1132 2086 dc]
1167 2026 1231 2086 Ergo

44 2086 95 2133 itate
101 2088 195 2135 donam
206 2090 232 2135 in
241 2104 341 2136 scenam
350 2089 436 2135 dedere
445 2088 538 2144 Accius,
547 2088 600 2134 Cas·
634 2085 732 2135 Plautus
748 2088 788 2135 bic
804 2090 917 2149 arguitur,
936 2092 999 2150 quod
1016 2091 1112 2147 nesciat,
1129 2091 1166 2137 vel
1183 2105 1232 2138 uon

44 2150 78 2207 ins,
91 2152 211 2211 Pacuvius,
229 2155 345 2201 Naevius:
363 2168 464 2213 quarum
477 2160 604 2214 supersunt
634 2160 701 2198 curet
720 2152 755 2199 its
770 2169 891 2214 personans
904 2153 1016 2217 famose,
1035 2163 1061 2202 st
1079 2163 1182 2204 servetur
1200 2157 1234 2203 ud

44 2231 126 2264 imnum
136 2220 227 2280 aliquot
236 2219 382 2279 fragmenta
634 2218 710 2273 issum,
729 2220 805 2279 qualis
823 2221 853 2266 ab
871 2222 969 2282 iscoepto
983 2223 1125 2282 precones-it,
1146 2228 1170 2269 et
1187 2222 1234 2268 sibi

44 2281 88 2327 llere
103 2284 170 2345 aigne
187 2281 301 2346 msere]
337 2284 473 2331 Graecorum
493 2281 548 2339 rim,
567 2282 602 2329 al-
633 2289 727 2339 eossstet,
739 2291 766 2329 ut
776 2292 812 2331 est
821 2284 846 2330 in
857 2285 928 2332 citu
947 2286 983 2332 ist.
994 2286 1025 2332 ad
1037 2285 1083 2332 Pis.
1095 2301 1116 2332 s.
1129 2285 1181 2333 126.

44 2360 82 2406 que
99 2350 218 2410 merdin
235 2350 338 2412 spiritus
355 2348 456 2409 aaseqm,
475 2353 499 2394 et
517 2347 602 2395 Latino
645 2410 651 2423 ι
669 2346 722 2402 171.
738 2348 821 2396 Patris
830 2301 945 2412 atensis
968 2351 1007 2398 Aa
1021 2352 1120 2407 lucrum,
1136 2352 1232 2412 adpar-

43 2415 227 2462 moneemulsrl.
633 2412 765 2460 simoniam.

43 2475 85 2522 1611
101 2478 193 2527 Placuit
203 2482 260 2537 sibi,
277 2481 367 2527 natural
381 2473 600 2540 recumberem]
666 2478 764 2525 hessonis
774 2476 898 2541 insidiosi]
927 2479 1020 2528 Loculls
1031 2480 1161 2529 amantium
1171 2480 1230 2527 insl-

54 2542 189 2603 trsgicorum
207 2547 353 2592 Grrecorum
368 2542 447 2590 Latini
462 2543 602 2605 interpretes
633 2541 727 2589 diantis.

43 2607 99 2654 lrisi
115 2619 171 2656 sunt
187 2625 238 2658 non
259 2608 390 2657 infeliciter
407 2622 457 2654 rem
474 2607 560 2665 moliri,
577 2617 602 2656 et
667 2607 720 2662 173.
737 2606 889 2671 Μυκη]
931 2609 975 2657 Vel
997 2610 1140 2666 Dossennus,
1160 2611 1231 2671 poits

43 2676 68 2717 ne
77 2674 130 2720 satis
144 2675 234 2722 imitari
251 2675 370 2722 sublimes
382 2673 476 2721 illorum
486 2673 602 2721 dictiones
632 2672 741 2729 comicus,
751 2674 914 2721 Atellanarum
922 2674 1054 2722 fabularum
1064 2675 1175 2736 scriptor:
1187 2690 1229 2722 cu-

43 2739 160 2797 ententias,
175 2755 222 2802 pro
238 2740 317 2787 insito
327 2753 412 2799 nempe
429 2738 543 2785 Romanis
553 2738 601 2785 acri
628 2738 669 2797 jus
679 2739 769 2785 mentio
783 2748 819 2785 est
832 2740 896 2799 apud
915 2740 975 2786 run
990 2740 1006 2786 1.
1019 2739 1057 2787 14.
1072 2755 1121 2801 cap.
1135 2739 1172 2787 13.
1188 2740 1230 2787 ubi

43 2804 129 2852 sublimi
150 2806 261 2866 ingenio,
284 2805 320 2851 ad
337 2804 500 2851 sustinendam
518 2803 601 2864 tragici
632 2810 657 2849 et
667 2802 757 2862 aliquot
767 2806 817 2864 eJus
828 2803 935 2850 versiculi
945 2803 1086 2851 referuntur.

43 2865 86 2914 itus
96 2870 251 2918 altitudinem
263 2871 339 2917 valde
349 2878 405 2931 apto
415 2876 439 2915 et
448 2869 541 2921 idoneo.
667 2866 720 2922 174.
746 2868 820 2918 Quen
844 2884 887 2916 sos
907 2870 1025 2925 adstricto,
1052 2865 1106 2929 dfe]
1149 2869 1229 2919 Quum

43 2932 77 2987 117.
93 2931 396 2998 Μωμωριιεαί,ξε.]
422 2935 501 2993 Atque
509 2933 601 2980 utinam
633 2937 733 2992 uterque
750 2941 838 2993 peccet,
857 2940 882 2979 et
904 2937 919 2979 1
939 2933 1041 2994 perlecto
1060 2933 1144 2987 disten
1169 2934 1230 2980 adeo

43 3008 120 3059 ncepta
130 3002 208 3048 nostri
224 3002 311 3063 poetas
328 3014 375 3046 nou
390 2999 541 3053 destitissent,
558 3013 601 3045 seu
631 2995 746 3043 falluntur
761 2998 803 3057 qui
813 2998 912 3044 aedunt
927 2998 1053 3044 minimum
1063 3013 1113 3045 esse
1128 2998 1230 3046 difficul-

43 3066 249 3113 tussuisnimibm
260 3064 345 3121 diffisi,
355 3065 470 3123 seuqubd
480 3079 520 3110 eos
530 3063 600 3124 offen-
632 3062 687 3109 tetis
702 3063 728 3109 in
745 3063 887 3110 elaboranda
903 3063 1026 3110 eomedit
1059 3064 1128 3110 Certe
1144 3064 1170 3109 in
1184 3065 1229 3111 lsdc

43 3130 120 3178 suns
130 3133 200 3180 labor
210 3138 236 3180 et
247 3146 325 3178 nora.
359 3130 431 3180 Quod
446 3128 466 3175 si
478 3130 529 3188 jam
544 3137 600 3175 tunc
632 3128 702 3188 poeta
709 3136 736 3173 ut
746 3127 875 3189 plurimum
885 3136 927 3174 aut
935 3128 1022 3175 nimius
1032 3136 1076 3183 est,
1086 3137 1127 3174 aut
1135 3130 1229 3176 delicits

51 3196 136 3256 aliique
157 3198 290 3258 deinceps,
318 3196 411 3241 litum
432 3200 457 3240 et
477 3207 599 3240 censuram
631 3193 694 3252 quod
715 3192 792 3240 fucere
814 3193 906 3240 videtur
929 3192 1033 3240 materie
1053 3193 1162 3254 parvitas
1196 3195 1230 3241 As

43 3259 221 3318 bstinsuissent,
239 3265 312 3308 certe
323 3274 387 3306 nunc
397 3275 437 3307 nec
447 3261 531 3306 uirtute
535 3255 600 3319 soret
631 3262 712 3304 contra
733 3258 759 3304 iu
781 3258 896 3319 tragoedii
916 3273 953 3305 res
974 3273 1056 3319 gram
1077 3258 1133 3306 hinc
1152 3259 1229 3320 pobtss

43 3326 78 3373 'sse
83 3330 207 3387 potentias
217 3329 308 3382 mis,
324 3328 392 3387 parias
407 3326 487 3386 lingui
497 3324 599 3370 bodun.
631 3322 753 3382 ingenium
764 3323 894 3379 stimulent,
904 3324 1034 3379 sublevent,
1045 3324 1152 3382 erigtmte
1164 3324 1231 3371 illinc

43 3391 103 3438 entit
113 3402 137 3439 et
155 3393 273 3454 loquitur
293 3388 408 3437 Horatius
424 3389 532 3445 tumbis,
548 3395 599 3434 tum
631 3396 711 3434 autem
727 3388 861 3435 auditorum
878 3388 1035 3436 animcadum
1052 3389 1229 3450 pluaafflciunt,

44 3455 94 3514 pist.
105 3458 137 3504 sd
149 3458 236 3505 Pison.
249 3472 274 3503 r.
288 3456 346 3505 289.
632 3453 703 3500 etlam
713 3460 813 3501 avocant
828 3457 843 3500 1
854 3453 955 3510 fastidio,
972 3461 996 3499 et
1012 3457 1027 3500 1
1041 3453 1150 3501 usundi·
1164 3469 1229 3501 erro-

43 3518 69 3568 id
87 3523 212 3579 obeditur,
233 3538 266 3570 es
284 3522 369 3576 scedio,
385 3516 438 3583 da]
473 3517 600 3565 comcediis
632 3517 704 3565 ribus.

43 3587 144 3634 uitatem
152 3588 278 3642 ostendit,
286 3586 345 3646 quie
353 3585 428 3646 polita
435 3582 603 3631 comicovenis
664 3583 718 3630 Non
738 3584 850 3630 adstricto
869 3579 952 3644 soem]
996 3582 1128 3642 Allegoriat
1152 3599 1230 3631 soccus

43 3650 123 3701 [1111111
139 3653 213 3714 quasi
225 3652 304 3699 lacile
315 3652 346 3697 sit
355 3649 458 3711 perfecte
468 3648 601 3710 exprimere
632 3648 792 3694 comoedorum
812 3648 911 3705 calceus,
932 3663 974 3694 aas
995 3649 1128 3704 adstrmss,
1153 3649 1230 3705 laxus,

43 3726 61 3763 et
80 3718 193 3766 actiones
214 3717 343 3779 vulgares.
385 3716 474 3761 Verum
492 3713 601 3775 exemplo
632 3713 1027 3768 mlutmindicstnonsocuratum
1037 3714 1228 3773 poetaminoou-

44 3782 106 3830 rium
129 3783 292 3831 comicorum
315 3782 400 3842 probat
420 3779 521 3826 arduum
542 3793 602 3839 opus
632 3778 866 3831 cinnescribentem3
883 3793 925 3825 seu
941 3778 1053 3837 negligat,
1069 3793 1112 3824 seu
1128 3788 1231 3839 nequeat

43 3849 192 3896 mediam.
633 3844 744 3890 decorum
760 3858 914 3904 personarum
925 3843 1012 3903 ubique
1028 3851 1052 3889 et
1068 3858 1160 3905 semper
1177 3860 1231 3892 cus-

43 3914 62 3960 1.
87 3915 209 3977 Adspice,
240 3913 350 3961 Plantas
378 3911 428 3961 Quo
450 3915 526 3969 pacto,
547 3903 600 3971 dfe]
633 3908 717 3964 todire,
732 3909 1009 3969 veldesers'ptossersura
1024 3911 1083 3956 sices
1097 3925 1231 3972 operamque

47 3984 121 4038 quam
132 3982 239 4027 aberret
255 3976 421 4036 asoupoipse
434 3974 532 4021 Plautus
541 3973 599 4020 alio·
632 3973 778 4028 colorando.
813 3973 904 4020 VideE
923 3970 1060 4020 istsdPis.

43 4044 115 4100 olera,
134 4044 235 4106 puriter
254 4050 283 4090 et
304 4038 454 4087 Dorsennus:
472 4042 543 4098 quam
560 4038 601 4085 ille
668 4038 721 4093 17⁶.
740 4039 817 4085 Gestit
835 3989 922 4100 enisi
966 4039 998 4085 Et
1017 4038 1061 4086 hoe
1081 4039 1151 4086 unius
1171 4039 1232 4086 lucri

43 4110 115 4158 nsibi
126 4117 233 4159 constet
245 4108 274 4155 in
288 4105 385 4153 tuendis
395 4104 499 4166 partibus
506 4103 602 4163 juvenis
632 4103 708 4164 magis
716 4107 788 4163 quam
797 4102 873 4150 laudis
879 4103 986 4150 studium
994 4102 1076 4151 referri
1083 4105 1231 4151 rideturtam

44 4174 82 4231 tis,
94 4176 141 4224 isc.
160 4179 246 4236 quam
259 4171 326 4219 alter
335 4171 442 4218 edacibus
449 4170 562 4231 parasitis
572 4168 603 4215 sit
633 4169 664 4215 sd
675 4169 786 4214 Plautum
812 4173 868 4216 uam
879 4169 910 4215 ad
921 4169 1077 4216 Dossennum.

43 4248 135 4297 nunus,
146 4255 215 4301 quos
225 4239 354 4300 perpetuo
363 4237 394 4283 sd
404 4248 516 4282 nauseam
527 4248 602 4294 usqum
666 4184 812 4295 Nummi
844 4233 948 4281 Pretium
965 4249 1008 4296 pro
1025 4233 1105 4281 sabuli
1121 4234 1202 4280 datum
1216 4236 1233 4280 1

43 4314 136 4354 sentat.
176 4303 307 4363 Plerique
318 4300 464 4356 dubitarunt,
480 4300 561 4346 utrum
572 4299 602 4345 sb
633 4306 741 4361 praetore,
750 4298 787 4344 vel
798 4298 919 4346 edilibus:
930 4306 958 4345 ut
967 4299 1078 4346 annotavi
1088 4299 1166 4358 supri-

43 4371 73 4417 tio
83 4370 327 4433 reprehenderetur
337 4367 375 4413 bic
390 4366 495 4419 Plautus,
509 4378 541 4411 sn
552 4363 602 4410 cul·
669 4362 722 4419 lto
742 4363 825 4419 Cedat,
836 4380 866 4411 sss
877 4372 937 4412 recta
947 4361 1081 4425 stetsslela
1092 4358 1158 4423 talo]
1193 4360 1233 4408 An

43 4435 172 4483 Dorsensm
184 4433 361 4497 preferretur,
374 4440 399 4477 st
409 4431 474 4477 velut
483 4429 603 4489 exemplar
635 4429 775 4489 explodatur
785 4432 800 4475 1
809 4429 904 4491 populo,
920 4445 951 4476 an
962 4429 1034 4476 semel
1050 4428 1178 4487 approbata
1188 4441 1233 4474 se·

44 4502 285 4550 umexhlbesetur.
323 4498 355 4543 At
364 4504 468 4542 mentem
477 4494 527 4556 ipse
536 4508 603 4541 susm
635 4493 689 4556 pius
699 4502 844 4555 expectetur.
878 4495 941 4542 Pers
954 4496 1001 4540 Sat.
1012 4494 1035 4539 b.
1047 4506 1068 4536 v.
1082 4490 1135 4538 lot.

43 4567 63 4612 it
76 4566 206 4614 iloratius
218 4565 248 4612 in
263 4561 345 4623 Epist.
357 4562 388 4608 ad
399 4560 503 4614 Pisones,
514 4574 536 4606 v.
547 4558 603 4614 170.
738 4593 760 4607 ..
772 4560 856 4607 ..Tibi
866 4569 927 4608 recto
937 4562 1009 4605 vium
1019 4556 1066 4603 tolo

45 4634 124 4680 nestri
132 4633 227 4694 proavi
240 4629 370 4677 Plautinos
380 4633 404 4674 et
414 4640 524 4681 namu,
534 4631 558 4671 et
700 4625 750 4672 Ars
759 4625 833 4672 desiit.

694 4708 755 4751 Nn
