3059 4984
377 289 632 356 CARMINUM
657 289 800 358 LIBER
824 290 871 358 11.
898 292 945 358 18.
1218 293 1279 362 137

534 564 631 632 ODE
658 564 794 633 XVIII.

57 729 219 796 Mediocri
233 751 268 795 se
270 728 410 815 sortund
424 728 546 793 beatum
561 749 651 793 esse:
668 727 813 814 derepere
826 749 881 792 eos
894 727 950 814 qui
963 728 1054 792 luxui
1068 737 1100 793 et
1114 729 1262 794 amiitice

428 817 562 893 student,
576 815 686 880 mortis
699 815 898 880 immemores.

46 951 124 1017 Non
140 954 229 1030 ebur,
246 974 348 1038 neque
362 974 488 1018 aureum
863 1018 869 1030 ‚
895 953 1063 1029 messanae.
1073 968 1158 1030 uuum
1168 954 1276 1014 ‘blenda‘

83 1038 167 1103 ttet
181 1040 302 1104 renidet
316 1041 348 1103 in
363 1040 456 1103 domo
470 1038 615 1105 lacunar:
862 1019 1275 1144 ssasgiffltffffifflff

43 1123 115 1190 Non
134 1128 237 1191 trabes
253 1125 423 1209 Hymettiae
862 1147 1026 1195 mentumis
1039 1151 1145 1195 extrema
1158 1149 1183 1195 in
1195 1149 1275 1196 turca

82 1210 238 1277 Premunt
253 1212 412 1277 columnas
427 1207 537 1275 ultimi
552 1210 667 1276 recisas
862 1213 953 1262 entus.
987 1214 1071 1274 Neque
1083 1213 1155 1261 naun

40 1296 157 1363 nna.
205 1297 318 1383 neque
334 1296 429 1362 aaut
829 1295 850 1358 5

522 1423 790 1473 annotationes,

70 1517 131 1563 liaec
142 1518 196 1563 Ode
211 1526 248 1563 est
263 1517 350 1564 dicolos
365 1517 505 1578 dianopbos.
539 1517 643 1563 Metram
674 1515 750 1561 haidis
761 1515 874 1575 Syenites,
884 1529 949 1577 quem
959 1519 1013 1562 antt
1028 1514 1197 1577 Pyr-repetitos
1209 1531 1274 1564 mea·

40 1581 124 1628 dicitur
150 1583 190 1628 vel
212 1582 403 1644 Hlpponacdum,
424 1584 454 1628 ab
475 1589 584 1636 auctorc;
606 1581 643 1626 rel
674 1580 736 1626 bant.
772 1579 896 1627 Trahere:
910 1595 936 1626 eo
944 1577 1023 1640 seem
1034 1581 1109 1643 Reges
1118 1583 1214 1642 quadan
1224 1599 1274 1630 cer·

40 1646 206 1709 Euripideum,
234 1649 297 1708 quod
324 1662 353 1694 eo
376 1647 511 1707 frequenter
532 1661 588 1692 usus
612 1645 644 1692 sit
673 1645 1156 1702 tamine,obeliscosaocaater‚Solisnumiai
1162 1649 1274 1694 emotas.

39 1712 173 1773 Euripides.
674 1709 734 1755 Vide
745 1711 853 1756 Strabon.
865 1709 905 1755 lib.
916 1711 939 1758 9.
951 1710 990 1756 ubi
1002 1725 1032 1757 ex
1044 1711 1158 1771 Hymetto
1166 1713 1275 1760 &veens

68 1777 164 1823 Primus
176 1791 257 1823 veraua
267 1786 303 1823 est
314 1776 456 1823 Trocbaieus
468 1776 568 1822 dimeter
577 1783 641 1821 cata·
672 1776 750 1820 trabes
761 1775 842 1834 longas
851 1782 875 1820 et
882 1775 967 1821 densas
977 1784 1150 1823 commemorat.

37 1841 196 1894 icetieuaeubi
203 1843 323 1888 deemuna
329 1842 419 1902 syllaba
425 1843 456 1888 ad
463 1841 641 1902 perlectionem
705 1844 728 1885 4.
750 1840 837 1886 vlunt
847 1841 932 1886 recisos
940 1836 1043 1900 ΑΜ]
1066 1841 1193 1887 Columnas
1203 1842 1274 1889 intel·

37 1916 60 1952 et
69 1908 196 1953 scanditur
204 1908 249 1953 boc
259 1908 343 1954 mado:
672 1903 725 1963 tigit
737 1908 751 1950 e
761 1905 878 1950 niarmore
889 1904 1022 1959 Numidico,
1037 1907 1103 1965 cujus
1119 1906 1220 1966 pretium
1236 1908 1274 1952 ln-

68 1972 123 2018 Nt'su
134 1969 167 2032 ἕΙ
183 1976 226 2018 bur
237 1968 284 2034 nil
299 1987 345 2032 que
357 1966 429 2033 iuri}
444 1976 491 2017 um.
672 1983 730 2026 gena
739 1968 810 2014 tuisse
821 1977 919 2015 testatur
927 1968 1017 2015 Plinius
1028 1969 1066 2016 36.
1078 1985 1128 2030 cap.
1138 1969 1161 2016 6
1173 1971 1210 2016 hia
1221 1986 1274 2018 ver-

67 2037 117 2083 Affi
128 2039 212 2083 volum
222 2051 273 2083 ease
284 2037 412 2083 iambicum
420 2035 595 2083 Archilochium
604 2035 641 2081 di·
672 2033 715 2079 bls.
748 2034 783 2079 Μ.
796 2034 898 2095 Lepidus
912 2033 991 2080 Catuli
1005 2036 1029 2080 in
1045 2036 1163 2082 amata
1178 2037 1274 2098 collega,

36 2113 138 2148 rucuma
154 2104 323 2154 acatalectum;
341 2101 381 2162 qui
397 2109 488 2148 constat
502 2101 640 2162 Amphima·
669 2101 759 2159 primus
769 2101 865 2144 manium
880 2099 959 2145 dnina
973 2103 986 2146 e
998 2099 1120 2146 Numidico
1129 2116 1238 2147 mamere
1249 2105 1274 2148 in

37 2181 84 2220 cro,
95 2169 222 2213 etduobus
235 2167 336 2221 lambis3
353 2167 512 2213 nictatione:
672 2165 736 2209 domo
751 2165 828 2224 posuit
846 2167 929 2225 magna
950 2166 1126 2224 reprehensione.
1161 2166 1275 2212 Numidia

70 2232 125 2278 Non
134 2233 193 2278 ibfir
206 2231 210 2295 Ι
225 2232 302 2291 nique
313 2233 342 2278 iu
355 2227 360 2294 Ι
375 2230 447 2278 rium.
673 2228 758 2275 antec
769 2228 834 2288 regio
845 2228 935 2284 munta,
946 2237 970 2274 et
981 2229 1083 2275 maxime
1093 2230 1251 2278 occidentalis.

69 2297 137 2342 Alter
147 2312 228 2343 remus
243 2305 279 2342 cat
293 2297 409 2343 iambicus
421 2296 582 2343 Archilochius
598 2295 641 2341 tri-
704 2295 727 2339 6.
744 2294 826 2354 Neque
837 2295 915 2340 Attali
926 2295 1021 2356 Ignotus
1031 2296 1197 2356 iaererregium
1207 2313 1273 2342 occu·

35 2371 111 2408 meter
120 2363 277 2417 utalectictu,
288 2371 396 2408 constans
405 2362 509 2422 quinque
520 2360 606 2410 lambis
617 2368 641 2407 et
670 2355 744 2418 pori]
781 2360 830 2405 Nec
851 2358 931 2405 divitia
952 2361 1089 2419 qu'usquam
1111 2360 1273 2407 hereditatem

34 2429 82 2472 uni
97 2428 207 2487 syllabi:
226 2427 329 2473 admisso
345 2427 400 2473 locis
417 2427 546 2488 imparibus
563 2427 639 2487 Spon-
671 2423 770 2484 captavi,
792 2424 869 2469 tutave
889 2424 971 2470 fraude
990 2432 1013 2470 et
1032 2431 1082 2470 arte
1104 2425 1167 2470 mali
1190 2426 1273 2483 invasi,

34 2492 98 2542 daos
116 2492 188 2538 etsie
197 2493 331 2539 scanditur:
670 2490 796 2549 opulentus
817 2504 912 2549 quoquo
932 2490 1002 2535 modo
1023 2504 1073 2536 case
1096 2490 1190 2536 volens:
1213 2491 1274 2539 sicut

65 2556 121 2604 tte‘i
134 2555 139 2618 Ι
154 2557 208 2603 riui
222 2554 227 2619 Ι
242 2557 317 2602 detio
332 2553 337 2619 Ι
351 2557 419 2603 domo
433 2551 438 2618 Ι
452 2554 503 2602 ttca
518 2552 523 2617 Ι
537 2570 587 2602 nar.
671 2553 818 2600 Aristonicus
830 2553 911 2614 (quem
922 2560 979 2601 sanc
991 2554 1094 2614 respexit
1105 2555 1149 2601 hoc
1160 2556 1210 2602 loco
1222 2557 1273 2603 llo·

66 2621 86 2668 l.
106 2624 161 2669 No·
175 2624 240 2677 ebur,
251 2638 329 2684 neque,
341 2618 393 2682 dm]
427 2623 489 2682 Opes
506 2629 530 2666 et
546 2620 639 2667 divitias
670 2617 755 2676 ratius)
780 2633 880 2677 regnum
902 2619 964 2665 aare
985 2619 1029 2665 sibi
1051 2619 1184 2666 vindicarit.
1219 2622 1274 2669 Duo

33 2701 78 2733 uon
95 2688 216 2749 poaddeo,
230 2702 274 2734 nec
287 2687 363 2747 cupio,
374 2701 427 2746 que
437 2686 546 2732 omnibus
560 2686 639 2746 appeti
669 2682 765 2729 luerunt
776 2684 848 2730 Attali
857 2684 964 2744 Pergami
977 2685 1067 2742 Regem
1079 2685 1148 2745 prior,
1160 2686 1273 2734 Eumenis

32 2753 122 2806 solent3
134 2761 160 2798 at
170 2767 260 2811 eaque
270 2758 460 2812 paucorumaunt
470 2752 558 2797 habeo:
570 2751 638 2796 inde·
669 2747 748 2804 irater,
759 2749 874 2808 posterior
884 2758 962 2794 autem
979 2749 1048 2794 ttius
1084 2750 1129 2796 liic
1141 2751 1220 2796 Attalo
1230 2768 1273 2813 pa·

30 2833 77 2877 que
93 2833 134 2863 me
150 2820 249 2862 bennun
265 2817 380 2863 exudmo.
415 2817 473 2862 Fide
488 2816 587 2876 integer,
601 2816 637 2862 in·
669 2819 721 2861 truo
732 2813 842 2860 successit
853 2814 878 2859 ln
890 2813 952 2859 Asioe
964 2814 1099 2874 Imperium.
1135 2815 1188 2862 Post
1199 2832 1273 2864 annos

29 2884 103 2940 genio
113 2883 204 2936 valens,
214 2882 310 2928 cuilibet
320 2896 358 2928 me
369 2889 460 2928 cauato
470 2890 494 2926 et
504 2882 609 2941 prefero.
668 2882 724 2924 vero
733 2879 837 2939 quinque
848 2878 934 2924 instare
945 2877 989 2923 sibi
1000 2887 1099 2924 mortem
1107 2880 1218 2936 sentiens,
1227 2882 1272 2928 1³0-

62 2949 148 3010 Nequ
164 2963 258 2994 mm
275 2948 331 2994 Med
347 2948 436 2994 renidet
452 2949 475 2992 in
494 2947 557 2992 dano
572 2948 636 2993 mea-
668 2944 751 3004 pulum
764 2944 897 2990 Romanum
908 2958 979 3004 opum
990 2957 1086 2988 auarum
1097 2945 1211 3004 regnique
1223 2947 1272 2993 be·

27 3009 95 3073 m]
131 3013 224 3058 Domus
241 3027 288 3058 non
305 3012 386 3058 habito
403 3011 547 3070 magnificas,
566 3013 636 3057 ebore
668 3008 909 3068 redemnuncuparit.
937 3008 1007 3058 Quod
1018 3017 1044 3054 ut
1054 3008 1143 3069 accepit
1155 3009 1272 3056 Aristoni·

27 3087 53 3123 et
69 3092 133 3123 auro
142 3085 274 3133 ermuatas,
290 3091 406 3123 marmore
422 3076 546 3137 peregrino
561 3076 638 3122 raditi-
668 3088 710 3120 cua
721 3073 835 3120 Eumenis
846 3088 876 3118 ex
889 3072 972 3133 pellice
986 3072 1055 3128 tilius,
1071 3074 1159 3132 regiam
1175 3075 1272 3136 stirpem

27 3151 99 3188 ratas
109 3151 135 3187 et
144 3141 267 3201 fulgentes.
301 3143 388 3188 Arnob.
399 3141 439 3186 lib.
451 3141 473 3186 6.
508 3141 636 3202 laqueari-
667 3147 796 3195 ostentans,
807 3139 938 3199 conscripto
948 3137 1060 3193 exercitu,
1077 3138 1216 3197 Pergamum
1233 3140 1271 3186 in·

28 3208 207 3254 tammam
221 3210 305 3254 sareu.
340 3208 432 3253 Lueret.
444 3207 484 3251 lib.
495 3206 518 3252 2
531 3209 574 3252 sub
585 3207 636 3253 init.
667 3203 734 3260 rasit,
751 3212 775 3250 et
791 3203 948 3264 principatum
964 3217 991 3250 ac
1007 3203 1191 3250 dominationem
1209 3205 1272 3252 Asiae

27 3273 82 3319 Nec
90 3274 175 3318 dem
183 3270 383 3334 argentnfstgens,
392 3287 491 3333 ostroque
498 3273 620 3318 renidens:
667 3269 777 3324 obtinuit,
785 3269 861 3326 Crassi
873 3273 887 3314 t
895 3268 1008 3315 Romanis
1019 3268 1083 3314 nrissi
1093 3269 1200 3315 Pretorio
1211 3269 1271 3317 froc·

27 3338 636 3399 tt'eectrtoeuretnmutaqmuaurataqueunpm
668 3333 987 3379 tisriribusetauctoritate.
1010 3333 1271 3382 l'ostannosverdiere

60 3403 85 3448 3
105 3404 160 3449 Noa
171 3404 248 3448 nabes
258 3403 384 3465 Hymettia
396 3402 506 3448 Premsmt
515 3403 636 3456 columnas,
668 3406 769 3457 quatuor
785 3399 915 3445 debellatur
934 3402 948 3444 d
968 3398 1098 3457 Perpenna,
1117 3412 1219 3458 moxque
1240 3403 1285 3464 ab.

26 3465 83 3528 dre]
119 3468 148 3513 ln
166 3467 226 3513 meis
241 3468 331 3513 edibus
348 3481 395 3513 non
412 3474 468 3512 suut
484 3466 591 3526 pretiose·
607 3481 636 3513 ex
668 3463 764 3522 Aquilio
771 3463 919 3518 Consulibus,
926 3463 996 3522 plane
1005 3462 1171 3509 extinctusest.
1183 3464 1270 3512 Justin.

28 3533 149 3592 Hymetto
162 3535 248 3588 trabes,
261 3532 375 3579 columnis
390 3531 500 3591 exquisiti
514 3531 636 3579 marmoris
667 3527 706 3573 lib.
719 3528 758 3575 36.
776 3530 820 3574 sub
836 3527 922 3573 finem:
940 3528 969 3573 ln
980 3528 1039 3573 Astu
1052 3528 1102 3574 lies
1118 3529 1213 3576 Attalus
1224 3531 1269 3589 m-

25 3605 178 3644 susoentatae.
204 3598 339 3657 llyrnctttm
353 3596 435 3643 Attice
447 3611 513 3642 mona
524 3596 634 3654 regionis,
665 3596 819 3640 rentissimunt
838 3599 862 3638 et
881 3592 911 3638 oi
930 3592 1031 3639 Eumene
1048 3599 1134 3652 patruo
1153 3601 1270 3655 acceptant

24 3663 102 3708 melle
111 3662 207 3722 quidem
217 3663 349 3718 abundans,
359 3660 446 3720 insigni
454 3664 509 3707 verb
520 3676 635 3708 marmore
665 3673 767 3719 regnum,
778 3655 990 3717 cedibmsoedabot
995 3689 1082 3704 ......
1087 3659 1186 3704 morium
1194 3677 1222 3706 er
1232 3677 1269 3708 so·

25 3728 113 3773 duur.
148 3727 209 3773 Ptin.
226 3728 266 3773 lib.
280 3727 317 3782 li.
335 3741 385 3788 cap.
401 3725 422 3772 l.
440 3726 559 3773 columnas
576 3741 634 3786 qua·
665 3723 695 3769 lis
707 3720 800 3783 ‚terrore
816 3724 936 3777 measti,
952 3729 975 3769 et
993 3724 1090 3781 septima
1108 3724 1147 3770 dis
1165 3725 1268 3774 demerit.

25 3801 83 3838 tuor
94 3791 215 3852 Hymettii
226 3792 349 3839 marmoris
359 3794 389 3838 ad
400 3805 493 3837 scenam
505 3792 634 3837 ornandam
665 3786 745 3849 Hujus
753 3794 886 3835 testamento
896 3789 968 3834 bores
978 3787 1080 3847 Populus
1089 3789 1204 3835 Rmaaus
1214 3797 1269 3838 tanc

24 3858 139 3904 sumus
154 3858 233 3904 refert.
268 3857 318 3903 llas
334 3860 404 3919 porro
420 3864 514 3902 centum
530 3856 634 3903 millibus
664 3855 803 3900 instituitur.
836 3853 882 3899 Sed
898 3860 950 3899 erat
968 3868 996 3899 es
1010 3853 1110 3900 Eumene
1124 3854 1269 3904 Aristonicus

25 3927 155 3968 nummum
167 3932 258 3983 emptas
269 3923 303 3969 ait
313 3923 390 3969 Valet.
404 3921 468 3968 blaa.
498 3920 564 3967 idem
574 3921 632 3967 Plin.
664 3933 708 3964 non
719 3917 787 3980 justo
805 3920 953 3972 matrimonio,
969 3919 1010 3964 sed
1024 3933 1052 3964 es
1067 3919 1150 3978 pellice
1166 3920 1268 3980 Epinesia

23 3987 68 4032 lib.
79 3987 120 4034 Β.
137 4002 189 4048 cap.
201 3988 224 4033 3
242 3987 277 4034 ita
292 3987 385 4040 scribit:
405 3986 431 4033 l..
446 3987 543 4033 Crassus
557 3994 634 4033 orator
663 3984 791 4052 cittrariste
801 3982 978 4045 cujusdamfllid
986 3985 1086 4044 genitus,
1096 3986 1136 4045 qui
1145 3993 1197 4045 part
1208 4003 1267 4033 rnor-

18 4055 114 4112 prim
127 4055 248 4114 peregrini
259 4055 378 4099 moris
390 4054 503 4098 murinus
515 4051 595 4097 babuit
610 4053 634 4098 in
665 4054 709 4095 tem
724 4050 802 4095 Attali
817 4049 878 4095 uelut
891 4055 1012 4109 paternum
1027 4063 1120 4109 regrum
1134 4051 1215 4097 Arias»
1231 4055 1266 4098 tn.

22 4119 104 4164 rode·
117 4119 208 4178 paiatio
219 4118 358 4179 Hymettias.
392 4118 468 4163 Valcr.
482 4116 546 4162 Max.
557 4115 597 4162 lib.
609 4117 632 4164 9.
663 4116 730 4168 aaut,
742 4114 780 4176 isc.
815 4113 875 4160 Vide
885 4122 910 4159 et
920 4114 976 4159 Luc.
989 4113 1084 4159 Florum
1097 4114 1185 4161 illator.
1197 4117 1266 4163 Rom.

19 4199 77 4242 cap.
92 4182 113 4228 l.
149 4183 319 4230 &Domitius
336 4183 363 4229 I..
381 4183 464 4229 Crasso
479 4182 570 4242 cdlcge
585 4197 632 4237 sao,
664 4178 806 4239 lib.2.oap.
822 4179 861 4225 36.
879 4178 919 4223 ubi
937 4179 1089 4234 Aristonicus,
1106 4178 1191 4239 inquit,
1207 4184 1268 4242 regii

19 4249 176 4294 misae
190 4252 251 4302 orta,
267 4246 356 4310 objecit,
373 4249 433 4309 qaid
448 4247 561 4293 edomans
577 4246 631 4308 Hy·
663 4245 790 4304 mguinis,
800 4241 869 4303 feros
879 4242 980 4304 juvenis,
996 4245 1062 4291 urbes
1079 4246 1171 4304 regibus
1183 4262 1267 4306 parere

20 4316 118 4358 nertin
129 4317 154 4359 ia
161 4315 254 4373 porticu
264 4315 341 4360 donis
351 4315 451 4360 bobert
480 4311 568 4370 Magna
577 4325 632 4371 por·
663 4315 781 4355 consuetos
789 4312 874 4369 portin
883 4310 998 4355 solicitat:
1006 4324 1095 4369 pauens
1104 4313 1233 4358 reustentes
1243 4314 1268 4358 oi

19 4383 50 4424 ro
61 4378 100 4432 lia,
110 4377 233 4424 fuerintne
242 4379 320 4425 trabes
329 4378 376 4424 llle
386 4378 478 4437 lignee,
489 4390 519 4421 an
530 4390 631 4422 marmo-
663 4376 763 4434 recepit:
779 4375 858 4421 Crassi
868 4389 954 4435 qaoque
964 4374 1076 4421 Praetoris
1085 4376 1170 4420 cecidit
1179 4378 1266 4422 exerci-

16 4457 78 4489 m.
114 4444 206 4489 Verum
223 4443 287 4489 eninr
304 4447 317 4489 e
333 4444 398 4503 ligno
413 4442 491 4502 potiirs
510 4441 633 4501 Hymettia
664 4445 738 4485 tan..
749 4439 977 4499 ..mordPerpenud
984 4440 1082 4486 domitus
1089 4445 1113 4483 et
1120 4447 1228 4499 captus..
1239 4473 1262 4488 ..

19 4513 120 4567 quine
132 4522 252 4554 marmom
263 4508 414 4554 crediderim:
426 4521 562 4568 quanquam
571 4515 594 4552 et
602 4521 631 4552 ex
663 4505 772 4566 Aquuus
780 4506 881 4550 Asiatici
889 4505 943 4550 betti
951 4506 1061 4565 reliquias
1068 4500 1163 4562 confecit
1172 4521 1179 4554 .-
1189 4505 1268 4552 nutis

19 4573 103 4633 hvide
112 4575 194 4620 trabes
204 4572 310 4619 extitim
321 4574 382 4619 clare
392 4575 461 4619 docet
470 4571 529 4617 Plin.
541 4571 580 4616 lib.
591 4571 631 4618 36.
663 4567 776 4630 (rescat)
793 4585 874 4615 renem
887 4566 992 4628 sanetius
1009 4571 1041 4616 ad
1055 4568 1191 4616 deditionem
1208 4585 1267 4629 qno-

17 4653 74 4698 tup
91 4639 114 4686 6
126 4638 171 4687 ubi
180 4639 216 4686 sic
226 4638 309 4685 babet:
325 4639 393 4688 Circa
403 4639 498 4701 Syenem
508 4641 559 4685 ueri
573 4636 631 4684 tte-
661 4637 758 4683 randum
769 4636 866 4690 arbium,
877 4633 916 4695 isc.
