3059 4984
280 240 347 306 316
658 232 853 300 DACERll
878 230 1141 300 PRAEFATIO.

280 401 446 486 repletum,
460 421 540 485 quos
555 397 661 464 Cereri
675 399 843 483 quotannis
857 409 890 464 et
905 397 1041 479 Baccho,
1056 409 1093 464 ut
1106 398 1202 464 totius
1216 398 1284 463 anni
1298 408 1454 482 protentm

281 489 443 575 primitias,
463 484 574 550 offerre
595 485 756 564 solebant3
778 486 954 571 cujusmodi
976 484 1150 551 oblationes
1173 507 1214 550 ex
1231 485 1312 549 variis
1329 486 1455 569 genmibn

281 577 363 640 inter
383 596 417 638 se
435 570 572 638 confusis
592 594 656 636 non
676 585 765 637 erant
778 571 898 637 Graecis
918 574 1045 639 omnino
1064 573 1239 656 incognitae,
1258 572 1305 656 qui
1320 592 1360 635 ess
1377 570 1456 654 appel

282 661 390 727 labant
404 660 591 746 πανκαρπὸν
606 655 731 737 θυσίαν,
750 662 983 745 πανσπερμίαν,
1004 671 1035 724 et
1054 659 1088 723 in
1106 658 1304 742 leguminibus
1315 658 1457 738 merdin.

283 746 455 813 Diomedes
470 744 697 810 Grammaticus
711 744 855 811 accurate
869 758 902 810 et
916 744 1000 811 bunc
1014 744 1226 809 Romanorum
1243 766 1341 809 morem
1355 756 1384 806 et
1399 745 1457 806 ron's

283 834 412 900 Sduroe
432 843 572 897 naturam
592 829 759 916 explicavit
778 830 828 896 his
848 832 962 909 verbis,
978 832 1077 897 Lana
1094 833 1217 918 efferta
1233 830 1319 896 ocris
1332 829 1455 912 aarum

278 920 435 1008 pueritiis
448 918 561 983 Sacris
574 917 702 983 Cereris
715 917 921 1003 offerebatur,
935 928 967 982 et
981 920 1003 983 ὰ
1017 918 1112 1004 copia
1126 928 1158 983 et
1173 919 1317 982 saturitate
1328 915 1370 980 eci
1378 915 1456 978 &tm

284 1007 466 1072 vocabatur.
515 1003 614 1089 caus
624 1005 756 1091 generis
769 1004 903 1070 lancium
916 1013 949 1069 et
970 1005 1123 1092 Wrgilias
1135 1005 1170 1069 in
1184 1003 1337 1091 Georgicis
1348 1001 1453 1076 madal,

284 1096 355 1159 edm
369 1093 429 1158 lroe
442 1092 533 1156 modo
547 1091 627 1155 dicit
635 1117 647 1154 .·

458 1178 621 1242 Lnncibus
633 1185 666 1242 et
675 1176 796 1263 pandis
802 1179 969 1264 sannatia
983 1178 1143 1242 reddimus
1155 1187 1240 1243 ecta.

285 1265 340 1344 Et,
460 1300 591 1313 —-
603 1264 712 1328 lances
787 1276 820 1331 et
833 1266 899 1330 uta
907 1266 1064 1416 (eremus.

286 1352 447 1437 Deinceps
468 1349 589 1417 adalia
608 1349 714 1414 miscel
727 1372 806 1416 anea
826 1364 910 1417 trans
923 1363 973 1417 ata
992 1362 1050 1416 est.
1094 1350 1122 1415 F
1123 1360 1181 1415 est
1205 1350 1307 1415 Sotira
1324 1348 1456 1433 eibigm

285 1463 330 1506 ex
344 1438 442 1503 οανὶἱε
456 1438 550 1503 rebus
564 1437 728 1501 eonditrcn.
773 1437 923 1522 Migravit
936 1438 1009 1503 inde
1026 1437 1067 1502 ad
1080 1459 1128 1515 ea,
1143 1460 1215 1522 quae
1228 1436 1328 1501 mentis
1341 1435 1388 1498 eti
1443 1433 1453 1444 ”

286 1537 377 1604 sunt,
401 1546 473 1589 nam
493 1524 582 1610 leges
603 1522 742 1588 Saturae
762 1527 992 1610 nuncuparunt,
1014 1546 1084 1608 quae
1103 1522 1194 1607 plura
1213 1524 1315 1608 capita,
1331 1532 1379 1585 aut
1413 1540 1455 1582 urs

286 1610 394 1677 titulos
415 1608 709 1695 complectebantur,
733 1620 769 1674 nt
789 1610 912 1697 Legem
928 1611 1061 1689 Julian,
1082 1610 1233 1696 Papiam,
1252 1610 1402 1694 Poppaea
1414 1625 1453 1688 qut

286 1698 447 1763 dicebatur
461 1695 611 1768 miscella,
624 1695 710 1780 quod
728 1695 810 1761 idem
830 1709 879 1762 eat
897 1720 935 1763 ac
948 1698 1090 1772 Satara-
1110 1696 1195 1762 unde
1209 1694 1337 1781 proiecta
1348 1689 1455 1785 estetills

286 1782 403 1849 locutio
414 1805 480 1869 per
493 1782 644 1846 Saturam
658 1782 871 1868 legemserre,
885 1782 958 1849 clun
972 1806 1037 1848 non
1050 1784 1169 1868 rogatis
1184 1804 1225 1848 ex
1238 1782 1338 1847 ordine
1351 1781 1453 1843 Senam

286 1870 357 1948 bus,
370 1892 436 1934 non
447 1868 596 1945 collectis,
611 1890 670 1934 nec
680 1869 881 1935 dinumeratis
896 1871 1068 1951 sententiis,
1079 1890 1189 1934 omnes
1200 1866 1453 1952 simuletpromco

287 1956 471 2022 sententiam
492 1954 644 2031 serebant,
668 1954 753 2040 quod
775 1952 902 2041 proprie
917 1956 1078 2022 dicebatur
1098 1977 1156 2041 per
1175 1956 1320 2021 Saturam
1340 1950 1453 2017 nadis

286 2042 468 2130 esqrdrere,
483 2042 642 2127 quomodo
704 2052 733 2106 st
748 2041 880 2107 Laelium
902 2042 1025 2108 locutus
1044 2052 1093 2108 est
1114 2042 1288 2108 Sallustius.
1328 2031 1453 2121 Nasu

286 2130 510 2206 constiterunt;
543 2128 635 2193 etiam
678 2127 760 2193 ‘bros
806 2129 936 2194 uosdam
964 2126 1026 2194 blac
1050 2129 1258 2214 appellatione
1281 2125 1452 2216 iurgaverit

287 2216 530 2368 ptfescennius
551 2213 578 2278 F
579 2226 677 2292 estas,
701 2218 754 2299 qui
816 2216 948 2281 istoriae
959 2216 1099 2280 Satanas
1112 2215 1162 2281 rel
1177 2238 1244 2302 per
1261 2215 1393 2279 &mnu
1403 2206 1453 2272 nobs

311 2324 329 2367 e
352 2303 385 2365 it.

332 2386 386 2453 Ex
399 2385 449 2450 his
463 2386 607 2451 omnibus
621 2386 773 2471 exemplis
787 2386 869 2452 sacili
885 2388 955 2472 quis
970 2388 1095 2474 negotio
1109 2388 1169 2453 sibi
1184 2386 1369 2472 persuadebit
1380 2375 1451 2472 Hml

287 2472 749 2643 stetinenses
762 2463 1453 2645 ltttffillt‘lttstlltttbbt

847 2608 856 2638 ‚
1302 2607 1311 2625 .

290 2646 362 2712 dem
379 2666 421 2710 ex
440 2655 527 2728 parte
548 2666 654 2709 verum
674 2657 739 2711 est:
761 2668 837 2714 cave
857 2648 940 2711 enim
959 2659 1061 2732 putes,
1076 2668 1183 2712 rocem
1201 2645 1293 2712 nullis
1306 2632 1453 2731 intercedat}

289 2734 349 2798 bus
373 2731 531 2816 gradibus,
556 2732 612 2816 qui
640 2733 803 2797 transitum
828 2734 1013 2818 praeberent,
1037 2734 1140 2798 statim
1168 2733 1232 2798 buc
1254 2732 1452 2812 deducente

289 2819 490 2904 migrationes
511 2816 702 2902 antiquiores
724 2831 815 2884 erant
834 2820 867 2884 in
886 2818 963 2884 alias
981 2842 1042 2898 res,
1063 2842 1141 2904 quas
1185 2816 1359 2905 ropinquiiis
1373 2810 1452 2877 Hero

290 2907 457 2972 Semnones
470 2905 697 2988 contingerent.
742 2903 795 2970 Ad
808 2927 902 2989 quam
921 2929 986 2971 rem
1007 2906 1151 2992 explicari
1173 2927 1224 2971 am
1239 2906 1303 2990 jam
1321 2898 1451 2981 rodum

290 3014 363 3059 eum
389 2991 526 3057 secuturi
553 2989 705 3067 ordinem,
731 2992 785 3076 qui
809 2992 869 3076 ipsi
895 2991 1083 3058 Casaubono
1106 2995 1140 3056 in
1163 3004 1298 3057 mentem
1316 3011 1370 3055 non
1384 2981 1452 3073 ΜΨ

290 3079 433 3156 venisse3
447 3077 524 3162 quip
579 3099 646 3141 rem
659 3074 700 3141 ed
714 3075 785 3142 luce
799 3077 975 3161 perfundet,
990 3077 1122 3144 utnulla
1135 3061 1454 3164 ampliuscuiqumrlu

291 3177 407 3251 quatur
421 3163 462 3228 ad
477 3162 522 3227 du
545 3161 686 3227 itandum
702 3164 841 3227 materia.

336 3250 471 3316 Romani
485 3246 559 3315 ciam
572 3249 815 3333 quadringentos
828 3250 950 3316 circiter
960 3273 1059 3316 annos
1074 3251 1221 3317 Scenicos
1235 3250 1323 3315 ludos
1333 3243 1452 3340 ignotlfflb

292 3359 377 3414 casu,
398 3337 472 3401 dum
492 3334 561 3400 dies
580 3334 677 3400 festos
698 3358 755 3420 per
770 3334 924 3402 licentiam
944 3349 977 3402 et
996 3336 1153 3403 lasciviam
1174 3338 1333 3421 agitarent,
1351 3326 1451 3394 {nime

294 3423 458 3488 Saturnios
471 3433 503 3487 et
518 3421 731 3487 Fescenninos
748 3422 937 3504 inciderunt,
949 3424 1003 3507 qui
1017 3435 1125 3508 postea
1145 3424 1187 3487 in·
1203 3423 1311 3488 Scenis
1328 3438 1373 3505 per
1382 3417 1451 3477 oenuu

293 3520 325 3574 et
338 3510 448 3592 viginti
462 3507 526 3572 sere
541 3530 641 3573 anuos
655 3507 758 3574 locum
771 3530 862 3574 suum
878 3512 966 3574 tutati
982 3523 1064 3575 sunt
1394 3582 1398 3594 ,
1439 3570 1444 3580 .

338 3593 479 3659 Fuerunt
502 3594 552 3658 isti
569 3593 687 3660 Versus
711 3593 843 3679 impoliti
864 3607 897 3660 et
913 3594 1023 3679 pariam
1044 3596 1212 3673 numerosi,
1232 3604 1333 3680 utpote
1351 3585 1464 3680 ,uanus

228 3749 234 3770 ἣ
293 3692 326 3743 et
346 3678 367 3742 a
385 3676 502 3764 populo
523 3679 585 3744 fusi
607 3681 710 3747 adhuc
731 3681 802 3746 rudi
823 3693 854 3746 et
875 3683 1001 3766 agresti,
1015 3683 1129 3767 quique
1149 3703 1214 3747 non
1234 3681 1323 3745 alium
1340 3674 1464 3762 mpetu

294 3765 412 3843 ndsset,
432 3764 527 3849 quiam
542 3764 688 3831 Cererem
708 3779 742 3836 et
761 3767 931 3833 Bacchum.
977 3768 1050 3834 Hoc
1072 3789 1172 3853 genus
1193 3766 1331 3832 carminis
1349 3747 1464 3838 impetat*

296 3848 507 3915 cavillationes
521 3862 553 3914 et
568 3853 735 3937 opprobria
749 3854 876 3931 rustica,
892 3855 1038 3919 adhibitis
1060 3853 1348 3919 Gesticulationibas
1363 3853 1386 3907 tl
1397 3827 1464 3916 5²¹¹?

295 3936 433 4000 tionibus
447 3934 596 4002 ridiculis.
641 3937 722 4003 Rem
737 3939 904 4025 intelliges,
920 3943 946 4006 si
958 3942 999 4005 ob
1014 3939 1121 4005 oculos
1133 3941 1188 4004 tibi
1203 3956 1348 4025 proponas
1359 3910 1450 4024 pust

295 4043 378 4107 pago
391 4022 475 4086 viros
490 4025 675 4088 rusticorum
690 4047 775 4089 more
789 4026 947 4104 saltantes,
971 4048 1041 4092 sese
1059 4027 1170 4091 mutuo
1189 4031 1402 4110 extemportssel}
1413 4016 1451 4063 ‘⁰⁶'

296 4108 383 4173 viciis
404 4109 603 4185 insectantes,
622 4132 721 4195 eaque
742 4113 776 4176 in
791 4114 875 4178 vices
896 4113 1132 4199 exprobrantes,
1147 4135 1278 4197 quorum
1291 4108 1358 4175 aliut
1368 4095 1450 4163 diust

296 4194 352 4259 scii
368 4205 451 4259 sunt.
497 4193 570 4259 Hoc
584 4208 633 4259 est
647 4197 731 4281 quod
748 4197 901 4263 Horatius
916 4200 992 4264 dicit
1003 4199 1106 4284 Epist.
1124 4202 1152 4263 1.
1169 4198 1224 4265 lib.
1239 4202 1273 4264 2.

470 4278 665 4346 Fescennino
674 4306 739 4368 per
751 4284 833 4348 hunc
847 4286 971 4350 imma
984 4287 1114 4350 licentia
1126 4306 1244 4349 morem

467 4365 945 4455 Veratasaleemtsopprobria
958 4372 1193 4457 nesticajndit.
1388 4434 1396 4452 ,
1426 4421 1433 4436 ,

299 4449 467 4517 lnlraenam
492 4451 573 4519 hanc
597 4468 630 4520 et
651 4457 851 4541 impotentem
873 4458 1028 4524 licentiam
1048 4459 1174 4543 excepit
1192 4480 1256 4523 non
1274 4455 1311 4519 ita
1326 4431 1449 4538 multumt

297 4534 378 4602 alius
391 4540 516 4623 generis
531 4563 665 4621 carmen,
679 4543 859 4627 castigatius
873 4546 999 4630 quadem
1018 4544 1107 4624 illud,
1125 4545 1184 4611 sed
1196 4544 1330 4611 reema
1344 4538 1407 4595 emm
1415 4508 1449 4572 dl
