3059 4984
333 836 376 907 V.
409 835 485 908 CL.
516 834 672 909 ANDR„
707 834 922 909 DACERII

414 1097 843 1200 PRAEFATIO

612 1351 650 1398 tu

248 1527 607 1618 HORATII
660 1526 1012 1616 SATIRAS.

88 1938 132 2004 lle
146 1940 273 2029 Origine
286 1951 320 2007 et
333 1941 515 2029 Progressa
530 1940 845 2093 SarqiqmmRomanae,
859 1950 892 2006 et
906 1964 987 2029 quas
1002 1941 1199 2007 Matutinus

553 2052 591 2093 aa
687 2076 696 2094 .

55 2156 169 2228 Housrn
186 2164 315 2230 Satires
334 2164 458 2231 duobus
478 2162 582 2229 Libris
601 2162 851 2248 comprehensas,
872 2185 955 2230 nunc
968 2163 1145 2240 Santones,
1167 2185 1249 2230 nunc

56 2245 157 2327 latim,
175 2251 258 2316 nullo
280 2253 458 2317 discrimine
480 2249 646 2336 appellarit
666 2252 755 2335 ipse:
778 2249 885 2316 verdm
908 2269 1002 2335 quum
1026 2248 1126 2314 Ideua
1146 2250 1248 2316 modis

55 2333 197 2412 quibusdam
217 2340 379 2404 distinctas
396 2339 499 2402 animo
520 2348 744 2420 repraesentent
762 2359 800 2401 ea
818 2335 976 2413 vocabula,
992 2359 1096 2421 operae
1116 2337 1249 2421 pretium

55 2421 154 2486 lichnus
177 2425 289 2500 videor,
316 2426 355 2501 si,
379 2423 455 2507 quid
480 2424 598 2507 antiqui
621 2422 756 2488 Romani
782 2445 838 2508 per
860 2423 1002 2488 Sutirum
1027 2420 1248 2501 intellexerint,

55 2523 179 2588 &punam
222 2510 349 2576 Primus
371 2510 567 2574 doctissimus
588 2508 804 2586 Casaubonus,
828 2523 920 2594 atque
942 2509 1022 2575 adeo
1046 2508 1132 2575 solus
1154 2510 1188 2575 in
1210 2532 1249 2575 eo

55 2588 149 2659 feliciter
171 2617 289 2681 operam
315 2597 431 2682 posuit,
457 2608 493 2660 ut
514 2596 740 2661 demonstraret
762 2619 833 2681 quae
854 2609 887 2662 et
907 2596 1007 2682 qualis
1029 2609 1112 2661 esset
1135 2596 1248 2661 Poesis

55 2675 160 2759 satyrica
173 2682 362 2761 Graecorum,
378 2705 449 2767 quae
464 2683 565 2746 Satira
581 2681 805 2747 Romanorum.
851 2683 911 2748 Est
930 2682 982 2748 ille
999 2683 1078 2748 liber
1092 2684 1247 2768 quantivis

55 2768 132 2844 pretii:
151 2792 201 2835 nec
213 2771 348 2836 diffiteor
363 2791 412 2834 me
427 2768 500 2833 inde
515 2767 685 2854 plurimum
700 2768 963 2853 adjutumsuisse.
1174 2765 1177 2770 ’

83 2848 133 2917 Hic
150 2858 222 2921 enim
237 2870 286 2923 est
299 2856 432 2933 fructus,
448 2877 540 2940 quem
555 2877 596 2920 ex
618 2853 837 2920 excellentium
853 2856 989 2920 virorum
1003 2853 1163 2918 laboribus
1178 2876 1249 2940 per·

55 2933 298 3039 :ipere9debemns2
323 2943 378 3027 qui
401 2942 472 3006 ideo
487 2943 578 3006 nobis
597 2942 795 3026 praeiverunt,
817 2952 853 3004 ut
874 2942 906 3005 in
927 2941 1035 3025 spissis
1056 2940 1247 3024 antiquitatis

55 3024 157 3090 tenebris
174 3029 265 3095 facem
289 3028 532 3095 succedentibus
555 3026 746 3113 praeferrent.
791 3025 868 3092 Non
888 3027 1047 3092 tamenin
1069 3027 1247 3110 superiores

55 3106 86 3199 lta
99 3111 163 3176 oculi
180 3117 344 3202 deligendi,
367 3128 401 3179 ut
420 3115 552 3199 propriis
576 3116 669 3178 etiam
689 3113 851 3198 gressibus
870 3136 934 3177 non
954 3112 1170 3178 attendamus:
1192 3134 1249 3196 per

55 3191 105 3257 llas
125 3202 190 3266 euim
209 3204 359 3269 incedunt
383 3200 551 3285 aliquando
574 3202 709 3278 semitas,
731 3200 900 3284 inquibus
922 3222 986 3264 non
1005 3211 1106 3264 tutum
1125 3200 1167 3263 sit
1192 3220 1248 3263 eos

55 3284 134 3363 aqui:
152 3287 179 3353 id
196 3290 278 3374 quod
299 3301 333 3354 et
351 3310 411 3374 ego
432 3287 484 3352 hic
504 3288 581 3365 cavi,
602 3309 685 3372 saepe
700 3288 765 3351 vias
785 3284 895 3371 partim
910 3287 998 3352 tritas
1015 3297 1151 3362 secutus,
1165 3286 1248 3350 utin

55 3377 368 3527 prolibellitiiiiieidiiliru
396 3459 539 3545 quaedam
569 3458 709 3524 Podseos
738 3459 858 3543 species
882 3458 951 3523 aliis
975 3457 1069 3542 quam
1096 3455 1248 3522 Romanis

55 3556 147 3616 imum
165 3549 328 3632 incognita,
353 3568 411 3612 nec
426 3544 492 3610 ult
506 3567 578 3610 cum
594 3543 737 3629 Satyricd
752 3544 937 3611 Graecorum
957 3546 1046 3630 poesi
1062 3546 1249 3628 cognatione

55 3627 188 3711 acejum,
202 3658 270 3718 quae
285 3648 389 3699 tamen
404 3633 600 3717 quorundam
616 3631 778 3697 doctorum
794 3632 901 3716 opinio
915 3631 983 3696 suit.
1030 3629 1248 3703 Quintilianus

55 3729 143 3780 tunam
154 3720 373 3786 dubitationem
387 3718 477 3794 tollit,
494 3716 565 3782 crim
580 3719 685 3782 scribit
702 3716 773 3783 Lib.
792 3719 817 3781 1.
835 3739 902 3803 cap.
920 3718 968 3783 10.
996 3717 1109 3782 Sotira
1124 3717 1249 3803 quidem

55 3802 100 3891 {⁰²0
109 3814 201 3870 rouro
214 3816 270 3873 est.
306 3806 386 3870 lnde
397 3804 543 3888 estquod
554 3803 708 3868 Horatius
722 3806 786 3870 Sat.
800 3807 851 3871 10.
865 3804 918 3869 lib.
935 3807 962 3870 l.
975 3826 1037 3871 ver.
1050 3805 1105 3869 66.
1122 3803 1250 3869 Graecia

55 3891 167 3954 manua
181 3915 303 3958 carmen
317 3894 449 3958 dixerat
1314 3913 1320 3925 ·

81 3968 147 4039 Ecce
173 3981 225 4043 tibi
250 4001 429 4063 germanam
460 3977 555 4061 hujus
584 3977 669 4042 vocis
694 3976 942 4062 Etymologiam:
967 3976 1070 4042 Latini
1097 3978 1249 4042 Saturum

55 4062 204 4142 uarpabant
221 4088 276 4150 pro
295 4065 404 4151 plena
424 4065 474 4129 cui
496 4064 535 4129 ad
556 4062 775 4148 perfectionem
796 4063 874 4128 nihil
898 4064 1037 4129 deesset:
1062 4064 1134 4131 hinc
1149 4065 1250 4130 Satur

55 4141 113 4238 ”lor
124 4146 185 4213 crim
199 4150 268 4216 lana
281 4151 417 4217 colorem
433 4147 526 4236 plene
545 4151 755 4227 combibisset,
771 4152 1009 4236 necquicquam
1025 4152 1064 4216 ad
1085 4153 1248 4218 tincturam

55 4224 117 4309 *dtlcl
135 4239 285 4318 potuisset.
331 4237 382 4303 Ex
404 4238 504 4302 Satur
521 4237 637 4301 factum
653 4237 784 4314 Sutura,
805 4237 890 4321 qnod
913 4239 1005 4302 etiam
1027 4238 1140 4302 Satira
1158 4259 1215 4321 per
1236 4237 1249 4301 i

55 4311 193 4403 tfferebaut,
206 4324 462 4408 quemadmodum
475 4323 642 4387 Munianus
655 4335 688 4387 et
698 4323 883 4402 Maxumus,
899 4334 1043 4410 optumas
1056 4337 1088 4388 et
1102 4324 1248 4407 optimus.

55 4394 94 4463 Est
107 4405 188 4489 igitur
200 4410 321 4476 Nomen
336 4410 543 4496 Adjectimnn,
560 4409 644 4493 quod
657 4410 838 4478 relationem
852 4409 947 4475 habet
960 4411 999 4474 ad
1014 4407 1251 4474 Substantiam

56 4487 221 4561 ntellectum:
249 4498 394 4564 dicebant
414 4499 496 4562 enim
521 4497 614 4581 prisci
641 4495 792 4564 Saturam
821 4496 1090 4579 subintelligentes
1115 4494 1251 4562 bacan.

55 4565 108 4638 Erat
119 4592 209 4647 cutem
224 4584 343 4650 Sutura
356 4585 504 4650 torturas
519 4581 657 4667 (Gallice
673 4607 714 4647 un
729 4584 859 4666 bassim
873 4605 964 4648 omne
979 4601 1080 4665 genus
1095 4577 1254 4651 fructibus
