3059 4984
348 300 393 367 38
736 306 778 380 Q.
803 304 1002 371 HORATIl
1026 304 1184 371 Flacci

350 442 475 490 renueret
503 442 619 491 nerem
645 443 761 505 hospitam
775 441 868 507 ldaeis
884 441 1037 508 Helenam
1052 444 1188 529 pertidus
1201 441 1376 530 hospitam,

350 508 608 633 ffifflligfflss
618 508 762 621 ,ww
774 528 903 614 Ingrato
917 529 1033 594 celeres
1048 531 1152 594 obruit
1166 530 1230 595 otio

349 639 435 698 pressit
444 639 543 694 Nereus,
552 647 580 685 ut
588 588 760 701 diraprrecix
772 613 904 693 Ventos,
920 627 954 680 ul
967 627 1092 680 caneret
1104 615 1170 680 sera

350 703 502 759 feteam.
530 703 761 766 imma-unroh
816 700 939 768 Nereus
953 700 1025 766 fata
1071 700 1161 767 Mala
1174 702 1261 766 ducis
1277 701 1329 765 avi
1343 700 1409 765 don

349 768 760 895 erueremur&
774 787 877 862 Quam
891 786 990 852 mur
1003 799 1123 873 reete
1138 786 1262 853 Ges
1276 786 1391 864 ele

349 896 393 954 na,
414 897 548 959 mptum
565 908 618 946 ru..
634 899 761 947 uuonvere
772 873 941 960 Conjurata
956 886 1023 938 tuas
1037 895 1179 960 rumpere
1193 874 1333 959 nuptias,

349 961 451 1021 nuptia,
460 972 531 1023 arque
541 965 665 1024 antiquum
673 964 760 1011 Priami
772 959 816 1025 Et
829 982 958 1044 regnum
975 958 1090 1025 Priami
1104 972 1202 1025 vetus.

349 1040 456 1151 iffi}
487 1029 761 1142 ,Eiffiu'fflm'ffi‘p
815 1044 918 1124 Eheu,
934 1058 1067 1131 quantus
1082 1047 1181 1131 equis,
1197 1056 1335 1130 quantus
1350 1043 1409 1108 ade

349 1156 456 1207 Quane„
467 1159 661 1220 missurusne
671 1160 760 1206 nationi
773 1132 892 1198 Sudor!
908 1146 1023 1217 quanta
1036 1154 1141 1198 moves
1155 1132 1264 1197 funera
1280 1131 1409 1195 Dardae

348 1223 430 1282 parur
463 1223 518 1271 ³⁸³1
529 1224 604 1272 Pon·
614 1234 680 1286 aptat
689 1226 760 1272 emi-
774 1218 886 1284 Genti!
901 1219 920 1282 J
925 1241 974 1283 am
988 1218 1108 1303 galeam
1124 1217 1239 1295 Pallas,
1254 1229 1287 1283 et
1302 1217 1407 1302 aegida

346 1286 719 1416 dutidreerledyffiir'ffuffi’
730 1299 761 1401 οἳ
773 1304 961 1389 currusque,
976 1317 1008 1369 et
1020 1306 1136 1369 rabiem
1150 1316 1248 1390 parat.

348 1416 447 1465 uenerit
454 1418 558 1467 favorem
567 1429 759 1480 mmm,
815 1391 847 1455 N
849 1392 1031 1477 equicquam
1047 1389 1179 1456 Veneris
1193 1388 1342 1475 praesidio
1357 1388 1409 1453 fen

347 1491 372 1530 οἱ
381 1483 509 1545 tyrannm
520 1485 638 1545 Jueunau
652 1484 758 1531 muuerr-
773 1476 885 1544 Peotes
898 1478 1072 1556 oaesariem3
1088 1489 1236 1563 grataque
1249 1476 1389 1542 soeminis

829 1639 1097 1689 annotationes

343 1734 444 1789 pastore,
460 1728 549 1790 etipse
563 1728 690 1789 aliquando
704 1736 791 1790 pastor,
806 1744 942 1790 quanquam
972 1731 1060 1779 intend
1068 1730 1167 1791 augurio
1175 1730 1292 1778 Helenam
1300 1729 1407 1787 ducis,0

342 1802 394 1841 crat
401 1793 464 1841 filius
472 1794 559 1842 Priami
567 1794 722 1855 'i'roJ'anorum
729 1794 791 1854 regis
798 1804 822 1840 et
829 1794 941 1851 Hecuba,
972 1797 1080 1851 muniis,
1090 1797 1152 1856 rapis
1162 1796 1227 1842 enim
1236 1810 1337 1843 uxorem
1346 1796 1409 1842 alien

343 1873 397 1918 quae
406 1874 529 1920 praegnans
539 1859 780 1908 iacemaeardentem
788 1874 869 1920 parere
878 1874 940 1908 som·
1005 1861 1028 1910 6.
1045 1858 1221 1923 Meltoms'ls'te]
1246 1861 1409 1907 Nomennav·

343 1924 424 1981 hiavit,
449 1941 497 1986 quo
517 1925 599 1972 territa
618 1932 643 1972 et
662 1928 820 1987 conjectorum
840 1924 941 1987 impulsa
971 1925 1161 1972 numeratlllti.

340 2002 452 2051 responso
462 2006 491 2038 ex
523 1991 628 2038 nendum
637 1991 820 2038 curavitlilium.
1004 1990 1026 2047 7.
1046 1986 1192 2054 conjurato]
1226 1990 1256 2036 ln
1274 1998 1347 2051 portu
1364 1991 1409 2037 Aul

376 2055 492 2104 Truieret.
540 2056 585 2104 Per
594 2056 669 2103 varim
677 2056 792 2117 regiones,
802 2056 941 2115 diversaque
972 2055 1409 2117 Principesuniversijnrejmandosea

341 2120 424 2177 marla,
439 2122 584 2182 tandemque
601 2122 628 2168 in
643 2123 744 2184 patriam
760 2135 828 2169 suam
846 2121 941 2181 TroJam
972 2135 1019 2166 non
1030 2121 1171 2167 disceremus
1182 2124 1197 2166 a
1207 2121 1276 2175 bello,
1286 2121 1363 2166 donec
1375 2121 1409 2166 He

339 2186 493 2246 pertraheret.
971 2193 1057 2239 eretur,
1073 2186 1184 2245 illataque
1200 2185 1288 2231 Grecis
1303 2185 1392 2245 injuria

373 2251 478 2297 Navibus
488 2247 578 2311 Idan]
612 2246 830 2296 Fehrieatiainldh
842 2246 940 2296 Troadis
971 2251 1140 2311 everarilroji.

341 2322 428 2359 monte.
1004 2315 1027 2362 9.
1046 2315 1150 2364 Quantus
1168 2316 1238 2376 equis,
1256 2319 1363 2375 quantus,
1384 2314 1409 2373 ὃς(

374 2378 525 2425 2Helenom
535 2374 775 2439 perfidorlsospitamd
810 2375 874 2423 Paris
884 2375 939 2422 hoe-
972 2378 1409 2439 dimdnunnqumrtaestragesaclah

340 2441 399 2502 pitio
409 2450 516 2504 receptus
526 2444 590 2503 apud
601 2442 744 2497 Menelamn,
759 2456 788 2488 eo
798 2444 902 2496 absente,
914 2441 938 2487 in
970 2452 995 2491 et
1004 2458 1119 2503 equorum
1130 2444 1154 2490 in
1165 2444 1287 2491 decennali
1298 2444 1375 2489 bellot

339 2507 483 2554 adulterium
497 2508 593 2568 pellexit
605 2507 750 2567 abduxitque
762 2507 878 2553 Helenam
888 2508 939 2567 ejus
1005 2508 1042 2556 lo.
1059 2510 1176 2556 Dardana
1193 2506 1281 2570 Genti]
1316 2509 1409 2554 Dardae

340 2586 452 2627 uxoratur
463 2573 588 2633 adjuvante
597 2571 710 2617 nimirum
718 2572 818 2627 Venere,
829 2586 882 2632 quoe
890 2571 938 2618 sor·
972 2573 1066 2621 Electra
1080 2574 1142 2620 lilius
1156 2575 1182 2620 in
1193 2574 1274 2620 Asiam
1287 2574 1384 2620 veniens
1399 2589 1409 2619 c

338 2637 495 2685 mosissimam
511 2636 589 2684 Paridi
605 2637 760 2698 spoponderat
770 2636 898 2693 soenrinam,
913 2636 939 2683 in
970 2648 1073 2699 gentem,
1084 2643 1162 2698 quaa
1175 2639 1237 2686 Trde
1247 2647 1328 2699 postea
1343 2639 1409 2699 Troja

338 2703 463 2763 premium
474 2701 566 2762 iudicii,
581 2716 629 2762 quo
639 2701 727 2749 lunoni
738 2710 763 2749 et
773 2701 862 2749 Palladi
877 2716 937 2764 pre·
971 2704 1009 2751 Ab
1018 2705 1047 2750 ei
1055 2712 1120 2749 ortus
1127 2703 1241 2750 Primus.
1259 2704 1340 2763 virgil
1348 2704 1409 2750 AEne

339 2766 387 2813 lata
397 2770 426 2814 ab
437 2781 465 2814 eo
475 2766 559 2813 fuerat.
1002 2769 1128 2816 Derdam
1138 2769 1218 2817 Iliaca
1224 2771 1314 2831 prim
1324 2775 1393 2830 pater
1404 2784 1409 2813 ι

372 2831 509 2895 &Ingrato
524 2834 614 2889 celeres,
629 2827 681 2894 lfa]
715 2831 835 2882 Quoniam
855 2840 938 2877 vento·
1067 2834 1159 2894 tonde.

340 2910 393 2943 rum
403 2907 487 2945 natura
497 2905 533 2944 est
543 2912 665 2960 erumpere
675 2906 699 2944 et
708 2896 802 2957 vagarir
812 2897 868 2943 hinc
878 2896 938 2943 nihil
1005 2896 1042 2945 ll.
1059 2899 1112 2945 Iam
1122 2900 1213 2960 galeam
1223 2897 1311 2954 Panas,
1324 2904 1348 2945 et
1360 2900 1409 2959 aegt

338 2962 490 3024 injucundius
506 2962 563 3024 ipsis
573 2972 609 3010 est
619 2967 690 3023 quim
700 2961 802 3017 fraenari,
819 2961 878 3009 etin
888 2962 936 3007 otio
968 2970 992 3009 et
1009 2964 1072 3009 luno
1089 2978 1132 3024 pro
1149 2963 1237 3009 Grecis
1253 2964 1389 3023 pugnabant
1405 2978 1409 3006 1

338 3029 460 3077 contineri.
494 3029 589 3090 Estqui
605 3027 731 3074 reseratad
744 3027 861 3082 Paridem,
874 3028 936 3073 cele·
969 3027 1031 3086 quod
1042 3029 1153 3074 manebat
1166 3028 1214 3074 alra
1226 3038 1306 3074 mente
1320 3029 1409 3087 reposta

338 3093 395 3140 riter
411 3095 512 3141 avehere
528 3094 631 3154 predam
648 3106 716 3138 auam
732 3091 880 3152 cupientemr
897 3090 936 3136 cui
969 3092 1067 3146 Paridis,
1083 3102 1215 3154 spretaque
1230 3092 1317 3153 injuria
1332 3092 1409 3137 forma

338 3159 437 3219 proinde
456 3159 524 3205 valde
541 3157 633 3218 ingrata
649 3155 720 3202 suerit
738 3170 767 3202 ea
783 3170 855 3201 mora.
889 3155 937 3200 Sed
968 3156 1034 3216 virgo
1041 3158 1116 3203 Pallas
1123 3158 1238 3217 flagitioso
1245 3157 1322 3204 Paridi
1331 3156 1408 3202 iniens

338 3224 391 3273 cunr
411 3239 454 3286 per
472 3224 557 3270 multas
576 3237 603 3269 ao
622 3221 726 3267 diversas
744 3220 851 3279 regiones
871 3220 936 3266 Paria
968 3224 994 3267 ro
1005 3222 1120 3268 bellicosae
1132 3223 1220 3269 Palladi
1238 3230 1305 3269 sueta
1318 3232 1409 3282 aptantu

340 3288 456 3339 Helenam
467 3285 648 3337 circumduxisse
659 3286 759 3346 legatur,
774 3293 900 3344 antequam
911 3284 936 3330 in
969 3286 1037 3333 Ovid
1050 3287 1107 3333 Met
1119 3287 1142 3333 6.
1153 3286 1192 3342 79.

340 3354 456 3405 Troadem
471 3353 616 3415 perveheret,
633 3365 682 3399 non
698 3350 791 3397 videtur
804 3363 857 3395 eam
869 3364 937 3412 posse
1001 3352 1050 3398 Dat
1058 3354 1147 3414 galeam
1159 3354 1236 3412 capiti,
1251 3349 1377 3414 defenditur
1390 3366 1409 3407 α,

339 3418 554 3480 interpretationem
564 3426 633 3465 stare.
969 3415 1051 3475 virgil.
1064 3417 1159 3464 AEneid.
1171 3418 1193 3463 a
1205 3418 1259 3463 435.

372 3484 394 3529 4.
416 3475 783 3544 UtcaneretferaNereursatu]
819 3478 883 3525 Dum
894 3493 936 3525 ex·
1000 3484 1372 3544 AEgtdaquetomsseom,turhatae
1379 3482 1409 3527 Pa

338 3545 427 3592 cidium
440 3548 521 3607 patria
531 3563 558 3595 ae
574 3547 665 3609 paterni
681 3545 747 3605 regni
764 3544 937 3605 praenunciaret
968 3546 1046 3596 Quem
1057 3548 1082 3592 in
1093 3548 1171 3593 locum
1182 3547 1276 3593 Servius
1287 3547 1318 3592 ita
1327 3547 1403 3593 scribit

338 3610 453 3669 flagitioso
473 3611 559 3666 Paridi,
579 3620 660 3659 ventos
681 3610 818 3671 compressit
837 3609 936 3666 Nereus,
967 3613 1239 3666 torisestmuns'merrtnm,
1248 3614 1330 3659 habeus
1339 3614 1409 3657 inme

338 3674 505 3734 silentiumque
521 3675 639 3735 imposuit.
672 3676 776 3727 Quidam
792 3675 936 3722 contentiose
967 3682 1042 3735 eaput.
1073 3677 1199 3726 Quodsis'n
1207 3684 1296 3736 pectore
1305 3677 1405 3722 Numinis

337 3739 421 3798 legunt
430 3741 533 3795 Proteus,
549 3743 577 3787 ed
594 3740 657 3799 quod
672 3740 736 3800 apud
751 3741 882 3787 Homerum
896 3741 936 3787 illc
967 3747 1075 3787 emetur.-
1091 3744 1112 3788 si
1128 3744 1151 3787 ivr
1168 3743 1262 3788 hominis
1273 3748 1366 3801 pectore,
1382 3747 1406 3785 at

337 3805 367 3851 de
380 3805 487 3865 Trojanis
497 3808 566 3851 rebus
577 3804 755 3851 radcinaretur:
767 3804 845 3850 Nereo
855 3813 934 3850 autem
966 3806 1130 3865 Imperatorum
1140 3809 1223 3853 statuis
1231 3808 1335 3860 mmet,
1345 3807 1409 3852 lorica

337 3868 377 3915 vix
388 3869 413 3916 id
424 3870 528 3917 muneris
538 3871 661 3917 tribuatur.
694 3869 782 3914 Verhm
792 3869 934 3928 poetaquid
1001 3869 1037 3917 la
1056 3873 1193 3933 Currusque,
1201 3879 1224 3917 et
1234 3867 1336 3931 rabiens]
1369 3870 1409 3930 Big

337 3935 469 3981 nonlicet?
503 3935 594 3982 Deinde
605 3933 723 3994 naviganti
734 3932 787 3991 quis
797 3933 882 3979 melihs
893 3948 934 3979 va·
966 3933 1135 3993 rigaebellicas
1147 3937 1222 3982 Pallas
1234 3935 1409 3982 invenissesertu

336 3999 567 4047 ticinensindueatur
574 4004 646 4060 quam
653 3998 757 4045 marium
765 3997 847 4045 Deual
866 3998 934 4044 Adde
968 3999 1038 4045 Hom
1049 4004 1062 4046 e
1073 4016 1151 4057 curru,
1168 4016 1215 4048 non
1225 4015 1254 4047 ex
1265 4015 1324 4060 equo
1333 4014 1408 4060 pugna

337 4065 401 4123 quhd
413 4065 530 4125 Apollonii
544 4063 632 4111 Rhodii
647 4064 767 4123 Interpree
781 4062 805 4107 in
816 4062 839 4109 4.
858 4063 933 4122 Argo-
965 4064 1069 4120 hodiem,
1080 4066 1146 4121 iram,
1158 4065 1346 4125 indignationem,
1356 4065 1409 4110 furor

336 4128 422 4175 nautie
430 4143 459 4175 ex
470 4129 610 4190 Pherecydis
618 4128 734 4175 sententie
742 4127 822 4174 scribit
829 4128 934 4174 Nereum
965 4138 1046 4189 petum
1057 4131 1138 4184 animi,
1150 4146 1204 4191 quse
1214 4131 1308 4192 quidem
1318 4130 1354 4176 rix
1366 4133 1409 4175 ahsr

335 4200 441 4240 coactum
451 4195 591 4255 respondere
602 4195 667 4240 velut
677 4194 811 4239 Oraculum
837 4194 932 4253 Apollo·
964 4208 1058 4254 cunque
1068 4195 1137 4241 bello.

336 4259 414 4313 donis,
433 4259 448 4305 l.
466 4260 488 4306 2.
510 4260 540 4305 de
560 4258 676 4320 Nymphis
695 4258 760 4305 lovis
778 4273 806 4305 ac
826 4258 933 4305 Thetidis
1000 4259 1037 4306 13.
1054 4260 1210 4322 Neqaiequam
1220 4261 1409 4321 Venerispraeeidts

334 4324 589 4380 filiabus,vatemiaoit
603 4324 721 4371 Nereums
739 4330 763 4369 et
779 4323 896 4370 Hesiodru
907 4323 932 4370 in
966 4324 1033 4371 Tunc
1052 4340 1135 4385 parum
1152 4326 1246 4385 juvabit
1264 4334 1287 4371 te
1305 4324 1409 4385 presidia:

337 4391 456 4450 Theogon.
473 4389 602 4435 veridicum
619 4403 674 4435 eum
690 4389 799 4449 appellat
837 4389 934 4435 Maneat
964 4389 1061 4435 minime
1071 4390 1192 4446 bellicosae,
1202 4392 1276 4436 multo
1284 4389 1354 4435 mimis
1362 4390 1409 4434 dece

333 4470 390 4515 crgo
405 4454 477 4502 Nerei
492 4453 662 4517 Prosopoporiu,
675 4461 699 4500 et
715 4458 777 4500 recte
790 4453 867 4514 posita
876 4467 932 4500 een·
965 4463 1074 4500 venustas
1089 4464 1113 4501 et
1123 4456 1200 4501 cultus
1213 4455 1323 4515 corporis:
1339 4470 1409 4514 quar

333 4529 419 4570 ceatur.
965 4534 1016 4566 eres
1033 4519 1130 4580 quidem
1147 4521 1233 4575 valent,
1254 4534 1298 4566 non
1321 4520 1351 4566 ita
1369 4524 1409 4566 veri

365 4587 388 4632 ὃ.
406 4587 473 4634 Mans
482 4587 547 4633 ἀνεὶς
556 4587 593 4633 soi
607 4579 714 4646 mesum]
749 4584 786 4631 Er
805 4584 930 4643 Augurum
961 4584 1060 4632 hostem.
1095 4585 1154 4632 Vide
1170 4590 1242 4646 supra
1259 4586 1300 4632 0d
1319 4585 1351 4631 la
1366 4594 1409 4629 nt

332 4652 494 4702 aheneum
503 4660 576 4703 tracta
585 4650 669 4701 dictio:
681 4649 759 4707 idest,
770 4649 929 4706 maloomine,
964 4650 1059 4700 Homer.
1073 4650 1096 4700 d
1115 4650 1182 4699 iliad
1200 4650 1264 4698 idem
1281 4650 1338 4697 l’aris
1353 4650 1382 4697 sic
1397 4666 1409 4696 a
