3059 4984
384 305 526 375 NOTAE
549 307 599 374 IN
623 307 772 377 VITAM
797 307 1011 379 HORATIl.
1277 310 1309 374 xi
1409 254 1417 273 ι

76 475 156 543 illos
178 478 345 564 abjudicat.
393 479 504 566 Longe
526 479 619 547 aliam
643 481 786 547 tulissent
809 481 993 547 sententiam
1017 478 1160 547 hodierni
1186 481 1305 556 Critici,
1410 500 1424 525 ‘

76 565 135 648 qui
156 565 237 631 nulli
258 565 357 632 labori
380 578 523 651 parcunt,
544 569 618 634 dum
639 570 836 653 antiquorum
856 569 931 635 vitis
949 569 1168 653 penestigant,
1191 570 1306 654 quique

74 649 310 736 pttlcherrimos
331 675 415 738 saepe
435 653 520 720 locos
534 667 648 721 vexant
667 656 886 740 damnantque,
902 655 973 721 ideo
988 653 1119 733 tantiam,
1134 655 1208 739 quia
1221 655 1307 740 quod

74 736 328 821 pulcherrimum
352 753 402 805 est
425 740 446 806 d
471 739 575 807 Genio
600 743 739 827 ipsorum
758 741 907 809 abhorret
930 742 1073 809 mammo.
1117 741 1193 816 Quo
1216 742 1306 826 plura

73 827 273 908 reperissent
287 827 320 891 iu
333 825 383 892 bis
396 825 494 913 elegis
508 827 637 894 humilia
655 840 687 894 et
705 829 821 915 inepta,
836 826 876 894 eb
890 826 1060 914 impensiris
1075 829 1307 895 contendissent

72 931 187 976 verum
209 923 369 979 auctorem
387 913 485 979 fuisoe
501 913 679 981 Horatium.
724 914 788 981 Pro
810 913 916 980 dolor!
940 924 1056 999 quanto
1076 937 1147 982 cum
1169 916 1307 999 ipsorum

72 995 249 1082 dispendio
262 999 439 1085 perideunt!
478 999 552 1067 Huc
565 1001 649 1066 enim
663 1013 875 1086 provocarent,
892 1014 1037 1086 tanquam
1050 1002 1092 1066 ad
1106 1002 1307 1067 certissimam

73 1086 308 1165 auctoritatem,
329 1085 519 1171 gratulantes
540 1088 600 1153 ribi
621 1099 761 1173 repertos
781 1108 851 1152 esse
873 1100 967 1155 testes
988 1086 1231 1172 qualescunque,
1254 1088 1308 1172 qui

72 1189 182 1236 musae
195 1174 406 1239 recentiorum
420 1172 558 1240 moerent
571 1187 679 1240 contre
694 1175 847 1259 antiquos.

115 1257 228 1345 Etegr'
248 1259 424 1345 vulgares]
469 1260 577 1326 Potuit
591 1260 772 1339 Suetonius,
785 1262 910 1344 exipso
925 1258 1061 1348 Horatio
1075 1272 1200 1345 sumpto
1215 1281 1307 1344 argu·

71 1355 195 1422 mento,
219 1346 409 1413 contendere
434 1345 493 1413 hos
517 1346 624 1432 elegos
648 1346 743 1413 fuisse
768 1346 963 1425 subdititios3
985 1347 1053 1432 ipse
1076 1347 1159 1412 enim
1177 1346 1221 1412 de
1242 1346 1307 1411 suis

71 1432 202 1516 scriptis
219 1431 353 1518 loquens
367 1433 443 1499 dicit
457 1432 519 1519 Ep.
535 1432 593 1500 ult.
611 1432 681 1499 Lib.
699 1432 748 1498 11.

461 1594 596 1656 Carnona
609 1616 752 1677 compono,
766 1595 813 1656 trie
825 1595 931 1678 elegos.

71 1747 278 1921 mols
301 1759 405 1815 aman
428 1749 585 1836 obscura]
629 1750 748 1818 Nostro
773 1751 869 1837 igitur
891 1750 967 1815 vitio
992 1748 1039 1829 fit,
1062 1748 1149 1854 quod
1173 1750 1306 1814 obscura

237 1837 322 1937 apud
336 1836 504 1903 Horatium
522 1837 790 1923 deprehendamus
801 1862 809 1902 ε
820 1924 828 1939 .
833 1836 953 1939 plerum
976 1858 1103 1937 nevero
1119 1847 1307 1937 commenta·

70 1933 191 2001 torum,
206 1934 243 1989 et
259 1934 462 2009 rnterpretum
474 1922 579 2010 culpi,
590 1926 644 2009 qui
658 1946 741 2013 saepe
754 1923 932 1990 ciarrssrmrs
942 1860 1062 2023 ‘droqur
1076 1921 1153 1988 locis
1165 1924 1309 1987 tenebrae

70 2007 271 2109 offirderunt‚
283 2011 398 2096 quique
412 2023 568 2078 auctorem
582 2011 707 2096 penitus
718 2010 928 2097 depravitrunt
941 2021 1047 2094 mepto
1058 2030 1096 2075 eo
1111 2031 1204 2074 sensu
1217 2029 1309 2093 quem

72 2095 369 2334 glVdffildmIrllgct]
386 2180 548 2334 tHoccplst,
559 2193 671 2333 t(pletrsvo
685 2181 753 2268 ejus
768 2183 882 2248 mensis
897 2182 959 2263 die,
972 2203 1055 2247 anno
1069 2182 1109 2248 ab
1122 2179 1165 2247 U.
1177 2179 1215 2246 C.
1231 2179 1306 2244 688.

118 2292 241 2334 ‚annrs
257 2292 297 2333 an
344 2292 385 2333 na
398 2291 449 2333 um
515 2292 557 2333 rrs
592 2291 633 2332 m.

114 2355 158 2421 L.
180 2355 286 2421 Cotta
298 2364 331 2420 et
345 2355 387 2421 L.
403 2355 564 2441 Torquato
582 2355 687 2438 Cosa]
733 2353 868 2420 Dicente
881 2355 951 2439 ipso
967 2354 1039 2419 Ode
1054 2355 1107 2418 21.
1124 2352 1194 2418 Lib.
1212 2351 1279 2418 111.

444 2517 470 2577 O
482 2528 549 2579 nate
560 2538 666 2579 neema
679 2517 791 2578 conruk
800 2516 938 2577 Manlio!

75 2645 119 2711 Et
133 2646 212 2713 Ode
231 2646 285 2711 13.
303 2645 375 2712 Lib.
390 2644 431 2711 V.

510 2756 554 2818 Tu
566 2758 633 2817 odra
649 2759 793 2838 Torquato
804 2780 881 2820 mooe

544 2839 663 2899 Goamle
674 2860 776 2918 pressa
788 2861 858 2901 meo.

114 2993 278 3059 Decessit
295 2992 334 3058 C.
346 2992 472 3058 Martio
486 2992 658 3060 Censorino
670 3003 702 3059 et
717 2993 754 3061 (ἶ.
765 2994 879 3060 Astraia
897 2993 995 3058 Gallo
1013 2992 1117 3076 Cosa]
1161 2996 1254 3059 Anno
1269 2996 1308 3059 ab

76 3078 119 3145 U.
134 3080 175 3145 C.
192 3082 274 3144 745.
291 3102 350 3145 sex
364 3081 453 3145 annis
473 3092 544 3144 ante
566 3093 672 3146 natum
687 3080 857 3146 Christum.
902 3081 996 3146 Errat
1016 3083 1110 3166 igitur
1126 3082 1307 3159 Suetonius,

77 3164 146 3231 edm
177 3167 260 3231 dicit
286 3174 362 3252 post
390 3165 680 3253 quinquagesimum
706 3189 816 3231 mmm
843 3190 966 3232 annam.
1009 3168 1060 3232 Ab
1090 3180 1198 3233 octavo
1226 3170 1308 3232 enim

77 3250 234 3318 Decemb.
255 3252 308 3319 die
330 3275 402 3318 ann.
421 3254 495 3317 688.
514 3253 555 3317 ad
571 3254 754 3338 vigesimum
774 3256 938 3340 septimum
959 3253 1041 3320 Nor.
1057 3255 1130 3338 745.
1151 3277 1215 3319 non
1236 3266 1309 3318 sunt

75 3338 214 3426 amplius
228 3340 458 3439 quinquaginta
472 3350 590 3424 septem
610 3340 683 3404 anni
701 3338 806 3406 minias
821 3340 964 3407 undecim
984 3341 1104 3406 diebus.
1150 3341 1222 3405 Nisi
1241 3339 1308 3405 haec

76 3427 116 3489 sit
172 3428 242 3491 tius
257 3424 310 3490 cnl
334 3424 492 3491 alrbrarii.

156 3512 270 3576 cereale
319 3520 432 3599 agnato
446 3511 559 3597 patim
580 3521 768 3597 namapata
790 3533 893 3597 meam,
912 3521 1045 3598 ergerrte
1058 3512 1090 3577 oi
1108 3510 1307 3588 οαίείιιᾶἱηίε,

81 3618 136 3661 sors
160 3599 330 3685 sufficeret
347 3598 395 3661 ad
415 3598 629 3685 obsignandas
650 3598 826 3683 testamenti
847 3598 996 3683 tabulas]
1040 3597 1119 3664 Jure
1135 3597 1225 3662 Civili
1241 3610 1308 3661 rata

82 3680 236 3750 lnbenmr
251 3682 456 3749 Testamenta
473 3685 543 3749 vivis
559 3706 635 3750 voce
657 3685 748 3762 dicta,
770 3684 865 3748 modo
880 3683 1025 3750 Testator
1043 3685 1198 3751 haeredem
1216 3707 1307 3749 suum

80 3771 274 3857 nuncuparit
294 3792 399 3835 coram
422 3783 539 3856 septem
561 3771 700 3835 testibus.
715 3770 735 3834 J
740 3771 885 3835 ustinian.
909 3771 987 3836 inst.
1004 3770 1067 3836 Tit.
1086 3772 1135 3837 10.
1157 3772 1238 3836 Sect.
1258 3772 1307 3835 13.

79 3855 115 3919 Si
130 3860 206 3943 quis
220 3865 331 3922 anum
343 3857 411 3921 sine
425 3857 555 3955 seraptis
567 3856 699 3922 voluerit
712 3856 795 3921 «Iure
813 3856 908 3921 Civili
921 3857 1069 3922 ordinare
1083 3866 1306 3933 testamentum,

79 3955 198 4028 septen
212 3943 351 4009 testibra
364 3942 528 4021 adhibitas,
545 3952 576 4007 et
589 3947 649 4007 aad
664 3943 820 4008 voluntate
835 3965 942 4007 coram
955 3945 997 4008 aa
1015 3947 1205 4030 compatet,
1224 3944 1308 4009 sciat

80 4029 138 4093 lsoe
224 4029 419 4095 ectisaimum
432 4038 645 4094 testamentum
658 4028 740 4094 «Iure
758 4029 938 4115 Civilifinn
1012 4031 1270 4095 normalitatem.

175 4115 334 4183 extremis
343 4116 512 4201 Esquiliis,
517 4117 620 4201 juata
631 4115 822 4180 Maecenatis
832 4117 987 4180 romaum.
1051 4117 1212 4183 Habitavit
1225 4118 1307 4182 enim

80 4198 242 4373 &aas
268 4204 474 4353 inuleffiis
496 4201 656 4286 Esquiliis,
681 4204 735 4268 ubi
758 4203 923 4288 superbam
948 4204 1007 4268 sibi
1034 4202 1157 4268 domurn
1180 4203 1307 4283 fecerat,

181 4312 220 4354 ue
234 4311 271 4354 se
328 4311 345 4353 c
439 4336 447 4352 .

121 4374 231 4440 Juxta
299 4375 452 4440 cecerratis
473 4375 626 4440 tumulum.
686 4374 874 4441 Decesserat
899 4373 1058 4440 Maecenas
1083 4376 1191 4441 eodem
1217 4399 1308 4443 anno.

80 4458 177 4528 Unde
198 4473 306 4527 autem
327 4462 443 4527 iactum
465 4474 523 4539 est,
546 4474 581 4526 ut
634 4463 761 4538 oratius,
786 4474 942 4546 superstes
959 4461 1031 4526 crim
1054 4475 1147 4539 esset,
1173 4463 1251 4528 nihil
1274 4466 1307 4531 in

80 4549 206 4633 scriptis
237 4548 295 4614 reli
320 4549 411 4624 uerit,
427 4569 490 4632 quo
518 4560 680 4614 testaretur
695 4548 833 4613 dolorem
853 4568 893 4612 ex
909 4546 1091 4615 Maecenatis
1114 4562 1213 4614 morte
1234 4575 1308 4619 con·

80 4638 229 4721 ceptum?
321 4635 366 4700 ibi
391 4635 517 4719 quidem
545 4633 623 4702 illud
651 4658 715 4701 non
743 4635 864 4702 videtur
895 4633 1054 4701 credibile.
1106 4633 1210 4702 Tanto
1238 4662 1308 4707 eum
