3059 4984
308 281 374 348 822
684 278 876 346 DACERII
902 277 1161 347 PRAEFATIO.

309 421 381 497 sint,
406 419 558 505 judicium
584 416 684 483 latura
711 420 762 484 sit
805 416 882 484 Non
907 419 979 484 ideo
1003 429 1107 485 umen
1133 417 1259 483 minoris
1281 417 1383 483 astim
1400 417 1464 484 dodo

298 508 401 584 'viros
423 506 475 591 qui
497 504 590 569 hodie
611 506 733 582 rirunt3
756 503 947 583 multisunt,
969 505 1077 582 fateor,
1097 505 1150 589 qui
1167 503 1301 569 seculum
1316 517 1425 569 ussum
1436 528 1464 568 u-

309 604 431 670 ornant,
455 592 509 675 qui
534 592 638 676 priora
662 592 837 675 potuissent
861 613 1030 670 exornare3
1057 593 1089 656 in
1113 592 1226 676 quibus
1250 603 1343 655 tamen
1363 612 1394 655 ne
1411 613 1464 654 uma

332 681 433 744 uidem
455 678 538 754 novi,
560 679 614 761 qui
636 699 699 742 non
721 676 855 743 honoret
873 690 905 742 et
923 676 1006 743 colat
1023 679 1177 761 antiquos,
1199 676 1248 742 cui
1266 699 1326 742 uon
1343 677 1406 741 idem
1419 677 1464 759 qud

308 703 371 831 illis
401 765 510 848 sapiat,
539 776 593 828 aut
620 764 673 847 qui
702 785 809 828 eorum
835 778 990 849 praecepta
1018 787 1082 829 non
1097 764 1249 839 observet,
1278 763 1353 827 unde
1372 761 1464 847 quantia

308 851 508 926 aberraveris,
535 847 655 914 tantum
683 850 723 914 ab
748 849 817 935 ipsi
841 851 953 915 natura
978 862 1010 914 et
1034 851 1161 916 veritate
1186 849 1363 914 discesseris.
1401 849 1464 931 liequ

309 959 416 1003 verear
440 935 633 1013 confirmare,
662 958 725 1000 non
751 959 820 1001 esse
847 936 1001 1001 difficilius
1027 937 1095 1001 sine
1120 934 1189 1001 luce
1213 949 1266 1001 aut
1291 934 1376 1001 oeulis
1396 935 1464 1018 object

308 1025 495 1110 perspicere.
513 1021 606 1106 quam
629 1021 759 1087 solidam
781 1022 905 1088 laudem
927 1024 1066 1108 adipisci,
1087 1034 1120 1087 et
1141 1023 1298 1108 ingenium
1310 1018 1465 1086 excolendis

309 1111 491 1185 rationibus,
515 1109 609 1192 quam
632 1131 709 1193 quas
732 1108 835 1174 Graeci
856 1122 889 1173 et
909 1107 1043 1174 Romani
1066 1110 1156 1174 nobis
1178 1109 1419 1194 prmscripsemot:
1433 1109 1465 1168 rire

307 1197 390 1262 enim
407 1196 537 1281 propriis
552 1193 650 1259 felicis
675 1196 792 1278 ingenii
807 1196 924 1260 viribus
943 1196 1053 1274 innixi,
1075 1197 1139 1262 sire
1160 1196 1200 1260 ab
1219 1208 1284 1260 arte
1303 1205 1333 1259 et
1351 1193 1465 1258 studiisiu

309 1283 429 1361 structi,
461 1303 566 1346 earum
601 1283 738 1364 vestigiis
768 1282 961 1346 succedimus
990 1295 1102 1347 tamem
1158 1281 1224 1355 Qui
1253 1292 1349 1346 autem
1371 1280 1465 1360 Auiqra

308 1369 465 1443 damnant,
481 1369 576 1432 causi
590 1389 652 1431 non
667 1368 803 1450 cogniti,
820 1391 882 1432 non
898 1369 953 1433 abs
968 1390 1001 1433 re
1015 1370 1085 1446 erit,
1105 1390 1160 1433 eos
1179 1366 1276 1432 semel
1294 1378 1325 1433 et
1340 1363 1465 1430 similam

307 1476 411 1520 errore
433 1453 575 1530 liberare,
599 1465 634 1518 ut
655 1455 730 1540 ipsis
753 1454 858 1538 palam
879 1455 945 1530 fiat,
968 1477 1013 1532 se,
1037 1454 1111 1519 dum
1135 1455 1231 1519 nimio
1252 1455 1286 1518 in
1309 1453 1379 1518 banc
1396 1465 1465 1515 mata

307 1542 410 1606 studio
439 1540 603 1604 transversi
631 1541 802 1623 rapiuntur,
832 1540 899 1624 ejus
928 1540 1018 1605 samoe
1046 1540 1138 1626 apud
1158 1552 1300 1626 posteros
1322 1538 1465 1624 gravisum

306 1627 419 1692 vulnus
433 1626 642 1709 imprudentes
657 1625 807 1711 infligere.
846 1626 1015 1699 Quodnam
1030 1630 1112 1691 enim
1127 1628 1296 1712 excogitari
1309 1637 1396 1709 potest
1402 1622 1465 1687 dria

306 1725 519 1797 argumentum
548 1712 589 1776 ad
617 1711 712 1776 seculi
741 1713 878 1797 cujusvis
903 1714 913 1776 i
958 1715 1118 1790 orantium,
1149 1725 1203 1778 aut
1231 1711 1333 1797 potiris
1357 1710 1465 1775 bubum

307 1796 586 1875 demonstrandam,
612 1798 706 1883 quarn
731 1799 817 1883 quod
842 1800 885 1863 ibi
911 1735 1067 1864 dimetas
1092 1800 1198 1865 audiat
1223 1800 1353 1884 ineptis,
1372 1790 1465 1860 Pbtorl

306 1883 462 1950 fastidium
476 1883 627 1969 prolixus,
642 1884 825 1950 Aristoteles
840 1883 950 1969 parium
964 1886 1084 1964 doctus,
1101 1884 1330 1951 Demosthenes
1343 1895 1370 1948 et
1380 1877 1465 1944 cisen

307 1972 398 2037 trivio
413 1969 601 2049 Oratorculi,
617 1969 768 2056 Virgilius
786 1970 887 2036 Poeta
901 1971 995 2037 nullis
1009 1973 1127 2057 gratiis,
1142 1971 1229 2037 nullo
1245 1965 1465 2047 ornantium

306 2057 441 2142 denique
462 2056 559 2134 rudis,
582 2055 719 2134 humilis,
742 2069 775 2122 et
796 2059 863 2123 sine
884 2060 1012 2124 nervisl
1067 2058 1216 2124 Barbarae
1239 2057 1301 2123 illae
1324 2067 1465 2142 gentum

307 2143 461 2210 Graeciam
473 2156 504 2208 et
515 2142 638 2208 Italiam
649 2141 846 2229 populantes,
860 2156 946 2209 tanto
957 2145 1061 2212 furore
1071 2146 1302 2229 grassabantur,
1314 2141 1465 2232 quidunquu

305 2230 339 2295 in
350 2228 492 2295 delendis
503 2228 719 2315 pulcherrimis
730 2232 890 2296 vetustatis
902 2232 1108 2296 monumentis
1121 2232 1229 2296 tetrius
1242 2231 1309 2296 ausi
1320 2228 1398 2294 sunit
1420 2219 1465 2318 llll

304 2317 402 2401 magis
429 2314 637 2380 horrenduml
683 2314 802 2382 Verium
828 2339 900 2403 spes
925 2332 1059 2382 estnon
1080 2317 1137 2382 toti
1162 2316 1269 2382 seculo
1294 2317 1465 2401 imputatum

303 2401 498 2487 quorundam
512 2423 691 2486 perversum
707 2402 864 2484 adiciam,
878 2425 936 2469 nee
951 2403 1096 2489 Antiquis
1110 2403 1210 2468 fraudi
1225 2402 1302 2468 fora
1433 2480 1438 2491 Ι

349 2487 479 2552 Frustra
493 2486 667 2571 Imperator
681 2489 702 2552 il
716 2510 831 2554 earma
845 2490 878 2553 in
893 2489 1078 2568 Homerum,
1095 2488 1275 2574 Virgilium,
1290 2487 1385 2552 Titum
1396 2481 1465 2546 Unio

303 2574 415 2639 movit:
431 2574 584 2638 incassum
598 2574 738 2640 cecidere
752 2577 829 2640 tanti
844 2587 989 2641 conatus:
1006 2575 1123 2642 bellum
1137 2575 1368 2642 absolutissimis
1379 2566 1464 2653 optulii

303 2658 453 2725 indictum
474 2659 549 2744 quid
573 2657 658 2725 aliud
681 2662 756 2746 egit,
779 2663 840 2727 nisi
862 2662 903 2727 ad
924 2685 1086 2729 numerum
1105 2663 1292 2748 ineptiarum
1311 2657 1421 2728 mouit
1434 2667 1466 2731 qu

303 2743 434 2899 lalmdaat·
447 2745 546 2880 ipsius
566 2745 706 2826 historia,
728 2747 1023 2835 cumulatioremque
1042 2750 1103 2836 ipsi
1122 2749 1271 2815 iuvidiam
1290 2746 1366 2835 apud
1382 2751 1466 2829 pom

304 2854 343 2900 00
407 2845 470 2899 Vll.
