3059 4984
304 284 367 349 128
696 279 743 353 Q.
766 274 966 343 HORATII
991 273 1153 341 FLACCI

302 421 508 483 sumpseramus
520 418 623 466 tnnocui.
649 418 718 463 uun·
862 411 901 477 In
917 413 1033 478 domini
1047 425 1143 497 caput
1155 412 1357 476 immerentis.

300 487 440 612 qqqmssiq·
450 488 524 597 iffi
538 484 662 608 effi?
673 498 719 594 ffb}
733 499 821 572 Quid
835 500 968 600 quisque
982 500 1069 580 vitet,
1083 519 1242 647 nunlquam
1257 497 1375 562 homini
1389 499 1440 560 sat'

300 617 441 677 agressum
455 615 493 662 ,ιι
527 614 607 660 Nasu
618 612 718 659 cmm.
732 584 867 650 Cautum
881 598 929 651 est
944 608 976 649 ιιι
991 584 1093 650 horas.
1174 595 1255 648 avita
1270 582 1441 668 Bosporon

300 681 415 742 unicui·
441 682 573 740 superum
599 677 718 734 tormidet,
776 670 896 738 Poenus
910 671 1128 756 perhorrescit,
1144 691 1245 754 neque
1261 667 1343 734 ultra

300 742 719 869 ξῦωᾛὴξιῖξᾞξηῗξώξξξ
863 757 955 822 Caeca
970 759 1056 822 timet
1070 755 1195 821 aliunde
1209 755 1281 820 fata.

299 877 354 923 eun
367 882 392 921 et
406 874 487 935 fingam
501 875 621 928 retusum
639 871 719 919 Μή
733 842 830 910 Miles
845 845 973 928 sagittas
987 855 1019 908 et
1032 841 1164 910 celerem
1179 841 1285 926 sugam

299 940 395 987 vincul·
411 947 436 986 οῖ
451 939 581 1000 nusum
598 939 718 984 nomme
734 928 861 1008 Parthi3
876 941 1002 996 catenas
1018 928 1165 1005 Parthus,
1181 941 1214 991 et
1228 925 1341 991 Iulum

299 1000 550 1131 ξξιξζᾜξιζι
563 1002 721 1129 ιξξιιξοξξ
777 1014 906 1081 Robur:
926 1016 982 1081 sed
998 1016 1164 1100 improvisa
1177 1013 1254 1078 lethi

299 1135 374 1192 mut,
386 1142 410 1181 ,t
420 1133 518 1180 „sem
551 1133 631 1183 quum
646 1134 720 1193 ,wps
863 1101 921 1166 Vis
936 1102 1039 1251 respuit
1053 1102 1214 1186 rapietque
1228 1109 1346 1183 gentes

299 1200 381 1261 “assi
399 1199 525 1274 imperium
538 1198 613 1257 nigre
624 1198 718 1244 Proser-
734 1187 840 1262 Quam
856 1188 946 1273 paene
975 1210 1058 1252 urvae
1071 1209 1167 1270 regna
1184 1184 1390 1270 Proserpinae,

298 1265 545 1376 ξὀξξξέξξξιξ
558 1264 680 1389 ξιξξξῐι
696 1269 721 1373 ξ
733 1274 778 1340 Et
786 1275 981 1374 judicantem
993 1274 1127 1338 vidimus
1136 1272 1289 1372 UAEacum‚

297 1393 719 1506 ffipnuuummumu.
777 1361 876 1426 Sedes
899 1360 1099 1460 redactum
1112 1380 1246 1445 prorum,
1261 1367 1294 1422 st

341 1468 390 1507 tem
909 1445 979 1511 olus
993 1445 1108 1510 fidibus
1122 1455 1302 1529 querentem

787 1599 1056 1646 ANNOTATIONES.

336 1693 373 1741 18.
393 1693 457 1743 Quid
469 1692 564 1753 quisque
578 1692 643 1746 uitet,
660 1687 713 1751 lfa]
748 1690 851 1750 Egregie
866 1691 904 1736 di·
936 1693 981 1737 isse
991 1692 1106 1737 custodem
1117 1690 1215 1736 AEacsm
1228 1689 1300 1750 Regis
1309 1688 1442 1749 patruelem

301 1758 372 1804 vertit
390 1758 421 1804 ad
439 1758 516 1803 locum
535 1770 685 1802 communem
703 1757 732 1801 de
750 1755 861 1816 periculis
880 1762 905 1801 et
930 1753 1063 1816 justaeum
1074 1771 1151 1801 canem
1163 1756 1295 1814 tricipitem.
1330 1753 1396 1799 Bene
1408 1753 1443 1812 igi

300 1822 393 1869 casibus
414 1820 555 1882 improvisis,
575 1820 661 1881 quibus
678 1827 705 1866 ut
724 1820 854 1880 plurimum
873 1821 904 1866 ad
936 1820 1018 1874 ratius,
1029 1821 1070 1880 qui
1082 1820 1151 1866 morti
1162 1817 1373 1880 proximustaerit,
1391 1818 1444 1863 aits

300 1886 546 1948 mortemubripimur.
573 1885 648 1940 Alius,
659 1885 744 1945 inquit,
755 1884 835 1938 maris,
844 1885 904 1931 alius
936 1886 1050 1931 salamae
1062 1885 1171 1938 AEacum,
1183 1883 1238 1930 Orci
1249 1883 1390 1936 ianitorem,
1404 1897 1444 1942 pei

300 1953 356 1998 belli
378 1953 454 1998 solum
473 1959 540 1997 cavet
556 1950 706 1997 discrimina:
729 1957 828 2011 uterque
850 1953 905 1996 vero
938 1949 1048 1996 iudicem
1068 1964 1124 1995 cum
1148 1949 1229 1995 Minoi
1250 1963 1277 1994 ae
1299 1947 1444 1993 Rhadaman

300 2018 365 2077 quod
387 2032 435 2064 non
454 2016 529 2072 timet,
550 2016 615 2062 subit
632 2030 708 2076 genus
727 2016 824 2070 mortim
842 2029 863 2061 v.
881 2031 904 2076 g·
937 2014 1056 2074 insignem
1066 2013 1272 2075 justitiaet'amam,
1289 2013 1443 2059 iPlutonec

300 2085 383 2130 morbo
394 2082 548 2142 extinguitur.
937 2088 996 2125 turn.

335 2146 373 2193 lt.
390 2144 537 2207 Bosporum]
565 2145 775 2204 Angustassauoes
788 2144 905 2203 quaslibet
969 2143 1009 2191 28
1033 2145 1147 2205 Sedesque
1166 2144 1280 2190 diruetur
1296 2138 1409 2202 ρίου-αι]

300 2211 417 2272 designaut,
433 2227 476 2271 per
486 2226 544 2271 quas
555 2224 625 2256 nemo
636 2209 687 2255 sine
702 2208 807 2269 periculo
818 2223 845 2254 ae
856 2210 903 2255 tor·
936 2224 1038 2270 campos,
1050 2223 1108 2268 quos
1118 2208 1229 2254 describit
1240 2214 1264 2253 et
1274 2208 1354 2252 laudat
1366 2207 1436 2264 Virg.

300 2277 392 2323 midine
403 2276 505 2334 navigat.
540 2274 635 2333 Duplex
646 2281 725 2318 autem
736 2273 854 2333 Bosporus
865 2288 903 2320 ce·
936 2274 959 2320 n
971 2289 992 2319 v.
1004 2274 1060 2320 638
1095 2274 1189 2333 Legunt
1199 2272 1239 2319 alii
1248 2274 1383 2331 discriptas,
1391 2272 1445 2317 alii.

300 2340 418 2386 lebratur:
433 2338 548 2384 'l'htacius
559 2338 621 2383 inter
632 2338 734 2383 Pontum
746 2337 869 2383 Euxinum
881 2345 904 2383 et
937 2344 982 2393 tos,
994 2339 1018 2384 id
1029 2346 1064 2384 est
1075 2338 1206 2397 assignatas
1216 2352 1243 2384 ac
1254 2345 1360 2383 notatas:
1373 2338 1445 2382 diser·

301 2404 478 2464 Propontidem,
498 2418 541 2449 seu
559 2402 684 2448 Thraciam
701 2403 765 2448 inter
781 2411 806 2448 et
823 2402 904 2449 Asiam
937 2406 993 2449 bent
1008 2410 1086 2449 tamen
1103 2403 1185 2463 optimi
1201 2402 1306 2448 codicem
1327 2408 1351 2447 et
1367 2415 1413 2447 vox
1434 2402 1441 2446 i

301 2468 428 2523 Minorem,
440 2475 540 2526 quatuor
553 2466 634 2512 stadiis
650 2474 747 2527 patens:
764 2476 789 2513 et
799 2468 904 2513 Cimme·
937 2468 1020 2514 chmm
1031 2472 1088 2514 sane
1099 2483 1126 2514 ac
1137 2467 1240 2513 nobilem
1251 2481 1346 2513 sensum
1357 2467 1441 2520 elficit,

299 2533 358 2588 rius,
379 2532 441 2578 inter
465 2532 601 2578 Mnotidem
620 2531 734 2578 Paludem
754 2540 779 2578 et
802 2533 904 2578 Pontum
936 2533 1091 2592 designentur
1108 2537 1122 2579 1
1140 2527 1238 2591 r'eliquis
1253 2539 1278 2577 et
1294 2536 1308 2578 1
1327 2532 1399 2590 vulgo
1419 2547 1446 2577 se

301 2597 439 2644 Euxinum:
453 2596 525 2642 hodie
536 2597 629 2643 Fretum
642 2596 716 2655 Cnffn·
937 2598 976 2645 Sic
988 2598 1070 2657 Virgil.
1081 2598 1137 2644 AEn.
1148 2598 1171 2642 b.
1183 2611 1205 2642 v.
1217 2595 1272 2651 738

336 2661 373 2708 la.
391 2658 497 2721 Poenus]
532 2661 578 2706 Pro
595 2661 701 2720 quolibet
718 2662 791 2708 nauti
808 2660 904 2721 ponitur
1039 2695 1126 2709 ......
1138 2662 1190 2708 Nos
1202 2677 1235 2708 sse
1246 2662 1318 2721 impia
1329 2676 1428 2722 suasque

301 2740 344 2788 per
354 2726 518 2786 synecdochen
527 2742 532 2779 ς
545 2726 582 2772 vel
593 2725 796 2772 antonomasticois
809 2726 905 2772 Poenum
973 2727 1073 2774 Tartaro
1081 2728 1172 2782 hahent,
1181 2729 1303 2787 mutesque
1312 2726 1399 2773 umbre
1407 2743 1416 2776 ,·
1425 2743 1445 2771 ιε

300 2790 373 2838 dicit:
390 2798 440 2837 turn
451 2791 515 2851 quod
525 2790 657 2851 emporium
667 2792 723 2838 orbe
740 2799 789 2837 toto
800 2792 903 2837 celeber·
1035 2808 1065 2838 aa
1073 2795 1165 2852 piorum

300 2856 388 2902 timum
406 2865 458 2903 erat
474 2856 606 2916 Carthago:
628 2863 679 2902 tum
696 2856 753 2915 quia
769 2859 820 2915 eJus
839 2856 905 2902 urbis
971 2857 1081 2910 Concilio,
1093 2858 1241 2918 Elysiumque
1252 2855 1306 2901 colo.

300 2920 363 2967 cives
374 2921 524 2981 navigatione
536 2921 666 2981 longinqui
676 2921 741 2966 clari.
775 2920 903 2970 Quamin·
970 2921 1009 2967 24.
1027 2923 1114 2968 AEols‘is
1124 2922 1212 2981 fidibus
1229 2926 1358 2981 querentem
1372 2920 1446 2979 Supini

299 2987 377 3046 clytus
384 2985 607 3032 fueritllannodux
615 2986 656 3032 ille
663 2985 904 3046 Carthaginiensium,
938 2986 975 3032 De
991 2987 1144 3047 popularibus
1155 2986 1247 3046 puellis,
1259 2999 1317 3044 quas
1328 2987 1434 3038 amabat,

300 3052 369 3098 docet
380 3052 452 3107 Mela,
463 3051 503 3096 lib.
515 3050 537 3097 8
936 3051 1199 3110 conquerentem,un
1208 3050 1233 3095 in
1242 3064 1321 3095 amore
1332 3048 1378 3095 sibi
1387 3064 1437 3094 non

335 3115 373 3163 16.
393 3117 467 3162 Timet
477 3111 592 3175 made]
626 3115 731 3161 Observa
742 3114 779 3159 rel
791 3128 905 3160 casuram
937 3116 1029 3161 desem.
1055 3116 1113 3161 'l'res
1122 3117 1178 3161 verb
1186 3114 1334 3175 potissimum
1343 3114 1446 3159 Suidasr

299 3182 396 3227 brevem
407 3179 659 3240 hcenterproductam,
670 3179 707 3224 rel
715 3178 853 3239 tribrachyn
861 3193 904 3239 pro
936 3182 966 3226 ab
975 3182 1004 3227 eii
1015 3180 1119 3234 dilectas,
1135 3180 1227 3234 Atthin,
1243 3179 1387 3233 Telesinam,
1405 3179 1445 3224 bie

299 3245 401 3305 dactylo.
936 3244 1016 3305 plures
1027 3245 1126 3292 Ovidius
1137 3245 1230 3303 aliique
1247 3251 1382 3289 numerant.
1419 3245 1446 3288 V·

334 3310 372 3357 18
389 3305 513 3370 Partim]
548 3307 585 3354 De
599 3307 691 3353 Parthia
705 3321 836 3367 eorumque
852 3322 903 3354 cer·
936 3309 1003 3369 typici
1012 3310 1107 3370 Sappho
1117 3310 1207 3370 percita
1214 3310 1244 3355 de
1251 3308 1384 3367 uirginibus
1393 3324 1446 3353 amr

299 3375 366 3421 tandi
377 3375 476 3430 ratione,
487 3375 527 3420 lib.
541 3372 561 3419 1.
574 3374 626 3419 Ode
639 3372 676 3420 la.
687 3373 717 3418 ad
729 3388 750 3418 v.
764 3370 801 3418 la
936 3377 1087 3433 querebatur,
1105 3375 1169 3434 quod
1181 3374 1278 3427 Phaoni,
1296 3388 1369 3432 quem
1388 3374 1441 3432 ipsa

327 3439 366 3484 al.
378 3435 601 3500 Quanpentsm
609 3453 682 3498 regna
689 3434 903 3498 Proserpinae]
936 3441 984 3493 bat,
995 3441 1150 3494 adhererent,
1163 3441 1260 3498 ejusque
1270 3452 1377 3483 amorem
1389 3447 1445 3483 reta

300 3503 449 3551 Quantulum
460 3509 475 3550 a
486 3511 560 3550 morte
571 3503 650 3549 abfuit
937 3504 1006 3548 Ouia
1019 3503 1094 3563 Epist.
1105 3502 1143 3549 15.
1157 3504 1193 3549 ln.
1228 3503 1337 3563 Sapphus
1348 3504 1380 3548 ad
1393 3503 1445 3548 Pha

334 3565 437 3627 Furem]
456 3569 494 3614 Ex
504 3569 609 3614 Varrone
613 3566 751 3629 surdioitur
762 3581 792 3614 ex
803 3581 832 3613 eo
841 3567 905 3626 quod
938 3569 989 3614 Nec
999 3584 1033 3615 me
1043 3569 1194 3630 Pyrrhiades,
1205 3568 1420 3628 Methymniadesve
1430 3585 1445 3626 p

293 3626 390 3690 sarnam
408 3639 486 3677 atrum
501 3633 650 3693 appellarint,
661 3641 685 3679 et
695 3633 758 3680 sures
773 3634 825 3679 atri
836 3639 904 3678 nocte
970 3634 1021 3679 Nec
1031 3649 1066 3680 me
1077 3634 1215 3679 Lesbiadum
1226 3640 1310 3679 wiern
1323 3634 1392 3679 turbu
1398 3631 1446 3692 juo

301 3693 393 3739 facilius
404 3695 519 3741 furentur.
549 3696 641 3743 Nonius
654 3698 788 3744 Marcellus.
816 3699 905 3743 Contra
940 3698 1000 3743 tulis
1011 3699 1144 3752 Anactorie,
1154 3700 1207 3743 cilis
1218 3700 1274 3743 mihi
1284 3699 1386 3743 eandida
1398 3698 1445 3757 Cyc

300 3765 381 3804 tamen
388 3759 418 3805 de
424 3762 453 3806 ei
461 3760 605 3820 etymologia
612 3761 684 3806 sentit
694 3762 722 3806 A.
730 3762 822 3808 Gellius
831 3763 870 3808 lib.
883 3760 904 3807 1.
969 3763 1022 3809 Non
1033 3765 1104 3809 oculis
1111 3770 1183 3823 gratu
1194 3768 1228 3808 est
1238 3764 1326 3816 Atthis,
1337 3769 1363 3809 at
1374 3769 1439 3812 mre,

300 3836 351 3882 cap
365 3820 402 3868 18.
415 3825 512 3882 vultque
523 3824 608 3870 deduci
619 3826 649 3869 ab
660 3825 758 3883 antiqui
769 3841 826 3870 voce
836 3824 903 3888 peip:
936 3828 1014 3889 Atque
1022 3829 1076 3874 oliae
1084 3834 1172 3874 centum
1181 3843 1238 3889 quas
1246 3830 1346 3874 nonunt
1354 3830 1446 3872 minim

301 3900 438 3946 quanquam
455 3888 533 3947 aptius
546 3888 651 3942 sortasse,
667 3888 743 3934 furem
760 3889 862 3945 aiano,
879 3890 905 3936 id
969 3892 1082 3951 improbe,
1094 3894 1216 3938 multarum
1227 3889 1350 3952 quodfus'l,
1363 3896 1446 3938 anast

301 3959 344 4006 eat,
356 3950 431 4009 nigro,
441 3951 487 3997 dici
498 3952 903 4013 putdritvirexcellentisdoctrium,
937 3955 1025 4003 Narrat
1046 3957 1136 4002 Plinius
1157 3957 1197 4002 lib.
1218 3958 1258 4002 22.
1278 3971 1329 4017 cap.
1347 3957 1371 4002 8.
1394 3957 1419 4002 in

302 4016 377 4062 Varro
386 4014 483 4071 scilicet,
494 4016 572 4076 inquit
581 4017 629 4070 ille,
641 4016 698 4063 inin
936 4035 1040 4067 amorem
1051 4022 1146 4081 Sappho
1157 4022 1266 4068 incidisse
1277 4035 1319 4081 per
1328 4022 1439 4075 herbam,

333 4077 504 4204 eumq
534 4080 570 4125 De
581 4082 609 4126 ed
620 4080 660 4127 lib.
675 4080 695 4127 l.
708 4080 759 4127 Ode
769 4081 809 4128 28.
821 4095 842 4127 t.
854 4083 893 4129 80.
936 4086 1013 4145 capita
1025 4095 1192 4146 nuncupatam,
1207 4088 1273 4145 cujus
1287 4086 1364 4140 radix,
1382 4100 1438 4131 rara

334 4146 373 4193 88
385 4145 490 4191 AEacum
531 4144 677 4204 Exeoquod
686 4146 760 4201 Plato,
771 4146 903 4204 inGorgii‚
936 4149 1444 4209 iussumqulbusmntigeriuamabilest'as

302 4209 510 4258 Rhadamanthum
517 4209 664 4262 Asianorum,
671 4211 841 4270 Europaeorum
848 4215 904 4257 vero
935 4216 962 4258 ro
974 4229 1002 4259 ex
1015 4216 1096 4266 Saldis,
1113 4215 1170 4260 item
1182 4230 1211 4261 ex
1225 4215 1327 4268 tilliano,
1342 4215 1435 4275 duplex

301 4276 410 4323 Judicem
423 4275 523 4319 AEacum
537 4274 634 4328 scribit;
650 4274 707 4320 inde
723 4276 902 4321 convenientius
936 4278 988 4332 tuit,
1010 4286 1110 4337 utraque
1129 4284 1143 4324 e
1163 4280 1238 4325 lesbo
1254 4279 1348 4326 insula:
1369 4281 1438 4341 prior

301 4342 365 4387 hunc
373 4343 446 4400 quam
456 4338 524 4383 illum
535 4339 564 4384 ab
575 4338 673 4385 Horatio
681 4339 778 4398 quidem
788 4341 903 4398 Europaeo
936 4343 1017 4396 Alcaei,
1030 4344 1156 4390 Stesichori
1166 4353 1189 4390 et
1199 4344 1281 4391 Pittaci
1291 4353 1420 4398 cocunea,
1434 4362 1446 4406 q

301 4404 427 4461 nominari,
443 4403 535 4449 erudite
552 4417 599 4448 non
615 4403 674 4449 nulli
685 4405 817 4449 observant
853 4404 904 4462 Ego
936 4407 1130 4454 habuisselertur
1147 4410 1238 4455 sodales
1255 4423 1298 4454 seu
1311 4410 1400 4455 amicas
1419 4427 1445 4456 ar

300 4478 379 4518 tamen
397 4468 538 4517 crediderim
554 4469 684 4527 respexisse
702 4468 781 4528 potius
797 4475 903 4513 nostrum
935 4481 1045 4526 morsum,
1067 4473 1182 4533 plectrum
1201 4474 1327 4528 invenisse,
1346 4475 1445 4536 scripais

302 4536 399 4583 Poitam
416 4536 447 4582 ad
463 4534 489 4580 id
502 4533 566 4593 quod
583 4533 622 4578 lib.
639 4534 668 4579 de
682 4533 767 4586 Lustra,
785 4532 903 4578 Lucienus
938 4535 1075 4594 Lyricorum
1086 4538 1217 4584 canninum
1228 4538 1300 4584 libros
1311 4542 1446 4602 uorem,E1

301 4601 387 4647 refert:
403 4601 431 4647 Ia
441 4601 496 4648 Orci
506 4600 573 4647 editu
580 4601 693 4660 portdque
704 4595 902 4657 adamantisdsu·
935 4609 1006 4654 mata,
1024 4602 1125 4660 Elegiae,
1141 4603 1242 4656 lambos,
1254 4611 1277 4650 et
1292 4604 1427 4651 Monodias„
