3059 4984
376 295 633 364 CARMINUM
656 297 800 366 LIBER
822 301 967 368 111.30.
1220 309 1281 375 221

56 432 506 521 Tunemebiremispraesidio
521 436 645 522 soaphre
874 441 1287 494 summmeeemvenm

98 520 216 587 i...
229 521 429 625 num
443 522 592 589 mu
874 507 1288 637 m

139 608 227 673 Aura
240 607 329 687 ieret,
343 632 545 696 gemmasque
561 609 688 676 Pollux.
872 638 932 684 cura
942 639 1001 686 uuo.
1011 653 1088 686 remos
1098 641 1214 688 habenae

538 748 805 797 ANNOTATIONES.

86 837 126 885 62
145 837 208 884 Tm
219 853 253 884 are
265 839 362 892 hirenis,
371 834 424 901 isa]
445 838 507 885 Tum
521 853 566 898 ego
579 838 654 886 fracti
685 841 788 903 propitia
797 850 853 888 suut
863 850 887 888 et
897 843 975 889 lacida
984 845 1069 891 sidera.
1102 844 1164 891 Vide
1178 846 1193 892 l.
1206 846 1228 893 l.
1240 847 1285 894 0d.

53 904 108 949 assi
118 902 263 964 perditione
274 903 389 960 omnibus,
396 902 481 949 biremi
492 905 653 951 tantummodo
684 904 709 952 6.
720 921 742 952 v.
752 907 776 953 2.
790 914 815 953 et
826 907 877 954 Ode
890 906 926 954 12.
938 923 960 953 v.
970 909 1009 955 26.
1027 910 1087 956 Sunt
1104 909 1145 970 qui
1163 912 1286 971 allegorias

54 969 140 1028 saphi
151 978 238 1024 vectus,
248 968 402 1015 nihilominus
412 970 496 1029 pacati
505 976 585 1015 mente
596 984 652 1016 oon·
684 969 724 1018 hle
733 972 858 1028 somniant,
867 980 997 1033 putantque
1007 974 1132 1021 Horatium
1141 976 1245 1023 alludere
1255 977 1286 1023 ad

52 1036 128 1088 subo,
142 1033 241 1094 perinde
258 1048 287 1080 ae
305 1034 325 1080 sl
342 1035 425 1081 Castor
440 1044 465 1081 et
481 1034 565 1081 Pollux
581 1035 653 1082 duces
684 1034 711 1081 id
721 1038 785 1096 quod
800 1037 844 1083 sibi
860 1038 1002 1096 contigerat:
1020 1040 1127 1100 adeoqm
1141 1056 1183 1101 per
1193 1043 1286 1103 AEgeas

52 1099 189 1158 effulgeant.
687 1102 1285 1165 tumultussigniiicarebellacirilia,equibuseras·

85 1163 125 1209 66
142 1164 235 1225 AEgaeas
246 1160 377 1225 tunsum]
396 1164 447 1211 Lib.
454 1164 479 1210 2
489 1164 540 1210 Ode
550 1162 587 1211 lu
597 1179 620 1210 r.
630 1165 654 1211 2.
686 1174 737 1213 erat
746 1169 826 1214 biremi
833 1170 925 1228 scapid,
936 1168 961 1214 id
969 1176 1012 1226 est,
1020 1169 1106 1216 virtute
1116 1180 1141 1216 et
1151 1171 1287 1219 innocentii

84 1228 126 1275 aa
143 1230 295 1290 Geminasque
306 1225 410 1290 Pallan]
428 1230 534 1290 Separati
544 1229 655 1276 dicuutur
686 1232 809 1288 subnixus,
819 1234 937 1294 aspirante
948 1239 1007 1280 aurd
1021 1243 1045 1280 et
1060 1234 1138 1281 lavore
1152 1240 1238 1297 gemini
1252 1237 1285 1284 si·

52 1309 137 1341 nocere
154 1294 237 1342 intres
253 1294 288 1341 illi
304 1293 406 1355 gemini:
425 1296 494 1342 ambo
511 1297 567 1342 verb
583 1295 654 1342 simul
686 1297 757 1353 deris,
769 1298 905 1346 Mecenatis
915 1297 1028 1345 nimirum
1037 1307 1062 1346 et
1072 1301 1182 1361 Augusti.

554 1484 652 1551 ODE
674 1484 785 1551 XXX.

306 1623 484 1689 &amiam
497 1648 624 1691 morum
633 1626 774 1713 gloriam
787 1622 1028 1709 semmamfore.

49 1757 164 1823 Error
179 1773 411 1826 monumentum
425 1784 487 1827 aere
501 1762 680 1848 perennius,
871 1759 1286 1885 qugbffliffiffiffioss

48 1843 226 1930 Regallque
242 1848 304 1912 Sim
318 1850 511 1932 pylamdum
526 1847 635 1926 alliusl
870 1889 1001 1945 sublimius,
1023 1891 1086 1950 quod
1108 1905 1185 1951 neque
1205 1893 1286 1953 pluria

49 1932 148 2005 Quod
162 1955 228 1996 nou
241 1934 340 1999 imber
352 1936 443 2012 edax,
459 1957 524 2000 non
538 1935 654 2019 Aquilo
669 1935 822 2021 impotens
870 1970 1028 2016 compen,
1040 1970 1083 2001 nec
1096 1956 1182 2002 3010„
1194 1957 1284 2003 noten-

48 2016 157 2084 Possit
171 2019 307 2100 diruere,
321 2033 373 2085 aut
389 2021 621 2086 innumerabilis
870 2029 909 2066 ³¹¹⁸
921 2021 1041 2066 uncum
1051 2029 1129 2080 queat,
1140 2022 1178 2067 vel
1192 2029 1284 2082 tempo

46 2104 213 2170 Annorum
227 2107 334 2185 series,
350 2120 381 2172 et
394 2107 470 2192 fuga
483 2121 664 2193 temporum.
838 2086 1285 2212 5¹ss²ffidllol⁵ss⁸1nllfilll⁸llqss¹ffi

46 2190 123 2256 Non
137 2192 245 2257 omnis
258 2195 387 2273 moriur3
410 2193 567 2280 multaque
583 2216 654 2279 pars
669 2193 729 2259 mei
872 2216 919 2262 mu
929 2215 1032 2277 plurima

531 2330 799 2379 ANNOTATIONES.

80 2419 184 2466 siceum
196 2420 262 2467 idem
271 2421 334 2480 quod
345 2426 415 2483 supri
427 2424 478 2469 Ode
490 2421 511 2470 l.
521 2423 562 2469 lib.
573 2421 595 2470 l.
684 2422 714 2467 ab
734 2422 777 2467 imo
795 2421 919 2476 latissimae,
939 2422 963 2466 in
979 2422 1120 2468 summitates
1140 2424 1284 2472 acutbsimas

79 2483 100 2530 l.
123 2486 204 2547 Exegi
230 2494 400 2542 nummatam,
423 2485 475 2551 da]
514 2488 651 2534 Carminum
683 2488 827 2533 desinenter:
844 2502 894 2548 ques
909 2488 989 2548 figura
1005 2488 1068 2546 apud
1086 2487 1218 2534 Geometras
1234 2491 1284 2536 ideo

43 2549 154 2596 volumen
177 2551 271 2611 ingenii
292 2551 328 2598 sui
349 2561 529 2600 monumentum
547 2567 651 2614 perenne
682 2553 865 2612 sieappellatur,
881 2553 1055 2613 quddudignis
1064 2554 1167 2612 speciem,
1179 2553 1224 2599 τοῦ
1236 2568 1284 2599 πυ-

39 2615 121 2673 istm.
144 2630 194 2675 quo
216 2617 348 2677 posteritati
369 2627 510 2677 aeternaque
531 2618 650 2664 memorias
683 2615 733 2679 pic,
754 2623 781 2663 ut
805 2633 844 2663 nos
863 2618 967 2672 dicimus,
986 2624 1124 2664 extenuatur
1144 2620 1168 2663 in
1188 2634 1283 2666 conum:

42 2682 233 2727 commendetur.
260 2682 320 2728 Vide
332 2683 380 2729 iz
393 2684 460 2729 Oden
471 2685 513 2729 ult.
523 2683 649 2730 hanccum
681 2697 777 2742 quarum
797 2684 936 2742 magnitudo,
957 2685 1060 2743 quoniam
1084 2684 1108 2728 in
1127 2683 1283 2731 celsitudinem

42 2742 84 2789 illi
94 2746 190 2799 oanien
203 2757 228 2792 et
238 2748 341 2793 eundem
350 2748 471 2808 utriusque
480 2763 583 2808 scopum,
592 2763 649 2795 ean·
681 2748 774 2793 nimiam
783 2749 894 2793 scandens
908 2749 1041 2808 gracilescit
1054 2749 1176 2807 paulonas,
1191 2751 1284 2796 amiras

40 2810 145 2871 demque
154 2811 301 2858 sementiam
312 2812 376 2858 rarii
386 2813 488 2860 dictione
496 2815 589 2860 tantum
601 2814 649 2860 dis·
681 2827 768 2872 quaque
791 2813 921 2858 aenianica
948 2814 1036 2858 ratione
1064 2815 1180 2859 consumit.
1222 2814 1283 2862 Vide

39 2875 141 2922 uncum
161 2877 333 2923 animadverte.
354 2879 452 2925 matus
473 2878 570 2925 Hieron.
591 2878 649 2940 Epi·
682 2877 820 2923 Strabonem
832 2877 847 2922 l.
858 2875 895 2930 17.
908 2885 932 2923 et
943 2877 1012 2922 Diod.
1025 2877 1096 2923 Sieul.
1107 2877 1147 2922 lib.
1161 2879 1185 2924 2.
1197 2893 1247 2940 cup.
1259 2880 1282 2926 2.

39 2941 152 3000 taphium
164 2943 246 2988 Paule
258 2942 291 2988 sic
301 2943 432 2989 concludit:
445 2947 511 3005 exegi
521 2959 648 2990 monumen·
682 2941 729 2987 llic
739 2941 886 3002 pyramidem
895 2941 927 2987 ait
936 2941 1086 2987 maximami
1098 2942 1205 2988 Chemmi
1216 2945 1282 3004 Rege

39 3011 90 3051 iss·
101 3021 149 3053 ers
163 3010 296 3066 paeaniss,
307 3009 366 3070 quad
376 3009 442 3055 nuda
451 3010 568 3056 destrsm
574 3012 649 3070 possit
680 3015 811 3053 extructam
823 3006 922 3052 artifieio
931 3015 955 3052 et
963 3020 1032 3067 opere
1040 3006 1151 3062 mirabili,
1161 3022 1214 3067 quie
1223 3025 1282 3069 qua·

38 3077 156 3125 musta,
167 3071 206 3132 de.
680 3076 731 3119 iuer
739 3079 791 3118 erat
801 3073 905 3126 laterum,
915 3087 1008 3133 quorun
1016 3072 1132 3132 quodlibet
1140 3074 1170 3118 ab
1178 3070 1283 3134 inferiori

76 3135 249 3182 Mmentsn
265 3152 312 3184 aere
329 3135 473 3200 perennius]
508 3139 545 3185 lta
561 3139 648 3184 durant
676 3144 744 3197 parte
749 3136 838 3198 jugera
849 3144 933 3198 septem
945 3137 1080 3183 continebat.
1114 3137 1222 3184 Altitudo
1232 3155 1281 3185 am-

37 3211 203 3246 mouumeuts
212 3201 332 3248 literarum
342 3204 396 3264 plhs
406 3207 477 3263 quim
488 3218 555 3250 terere
565 3211 649 3249 statua
678 3203 744 3263 pilis
754 3206 821 3264 quim
843 3200 922 3263 'ugera
932 3217 971 3249 ses
982 3203 1082 3249 tolleret.
1091 3236 1097 3249 .
1107 3235 1114 3248 .
1123 3199 1204 3263 ,serni
1215 3207 1283 3251 anni

35 3267 70 3312 sd
90 3266 234 3312 munoriun
252 3267 377 3313 collocatae.
412 3269 474 3314 Nam
494 3268 601 3314 Mariana
619 3269 649 3314 de
680 3269 1220 3328 mille,atreerantquidan,·utaliitrudunt,
1232 3285 1281 3315 arn·

36 3331 350 3393 Cimhrismophoespotuit
360 3333 457 3393 quidem
467 3333 559 3379 abolere
569 3333 647 3393 Sylla:
677 3334 742 3392 plius
763 3335 838 3379 tribas
858 3335 959 3379 millibus
979 3333 1161 3394 quadringentis,
1185 3335 1218 3379 ad
1243 3350 1283 3381 nos

37 3396 149 3442 Maronis
166 3407 249 3443 sutem
265 3406 290 3443 et
308 3397 369 3444 Livii
385 3398 479 3458 scripta,
497 3398 647 3458 quantumvis
679 3413 749 3459 aequae
764 3413 792 3444 ea
807 3398 875 3445 moles
889 3401 981 3459 integra
992 3399 1136 3457 permansit,-
1152 3413 1180 3444 es
1190 3399 1282 3447 Aeolid

36 3461 163 3516 nimiis,
178 3462 253 3508 Caius
264 3462 373 3524 Princeps
389 3465 511 3509 absumere
527 3478 554 3509 ac
570 3463 648 3509 delere
679 3463 745 3524 largo
754 3464 873 3509 adnodant
887 3465 969 3509 itinere
984 3464 1085 3508 adoretis
1099 3463 1215 3523 lapidibus
1229 3480 1283 3511 con·

37 3541 87 3571 uon
99 3527 184 3572 valuit.
679 3534 775 3575 senecta,
805 3528 877 3573 latam
888 3543 913 3574 se
924 3527 1011 3573 vidisse
1021 3527 1099 3573 adhue
1109 3536 1210 3574 stantem
1218 3544 1282 3577 anno

71 3591 96 3636 2.
109 3591 293 3653 Regaliqsesitu
299 3594 445 3653 pyramidum
451 3590 542 3653 altius]
555 3593 647 3654 AEgyp·
682 3591 751 3647 1666,
763 3593 788 3638 in
799 3607 848 3638 sure
858 3591 1053 3652 peregrinationis
1065 3592 1198 3639 narratione
1210 3603 1282 3641 testa-

36 3655 129 3701 tiomm
140 3657 237 3716 Regum
253 3671 312 3717 opus
325 3666 349 3704 et
363 3659 486 3718 sepulchra
500 3658 566 3704 fuere
576 3673 647 3720 pyra·
680 3664 718 3703 tur
736 3658 841 3704 loannes
863 3658 967 3703 Greaves
987 3657 1143 3703 Astronomiae
1163 3659 1282 3707 Professor

34 3721 130 3767 arides:
141 3736 247 3781 quarum
257 3723 377 3769 nonnulla
387 3723 449 3769 inter
459 3723 522 3769 orbis
532 3723 646 3770 miracula
678 3723 783 3782 Aegium
801 3736 900 3782 eamque
915 3731 963 3768 tam
977 3721 1113 3769 interiorem
1127 3727 1199 3782 quim
1214 3733 1280 3772 exte·

33 3797 180 3834 namura.
218 3787 276 3834 Tres
297 3789 371 3834 orbem
392 3795 505 3835 tenamm
526 3790 645 3849 impleuere
678 3787 764 3833 riorem
781 3788 876 3848 egregie
894 3787 1012 3841 describit,
1023 3787 1117 3847 qualem
1134 3788 1237 3850 inspexit
1253 3806 1281 3838 sc

23 3849 117 3911 sud.-
143 3853 237 3912 negas·
259 3853 421 3914 AEgyptiorum
445 3856 549 3914 pecunie
574 3856 646 3900 otiosa
678 3853 799 3899 dimensus
810 3861 853 3909 eut,
867 3852 906 3898 vix
921 3853 1043 3913 paululum
1060 3853 1228 3908 deionuatamr
1244 3856 1280 3902 al-

30 3918 158 3980 stsltqae
174 3920 304 3972 munima,
321 3918 400 3977 inquit
417 3918 476 3965 Plio.
492 3919 508 3964 l.
520 3918 558 3965 26.
575 3933 593 3964 e.
608 3918 644 3965 la.
678 3926 774 3978 tamque
785 3918 842 3964 dicit
853 3918 924 3979 pedes
936 3917 984 3964 sere
996 3917 1172 3978 septingentasr
1190 3928 1214 3966 et
1224 3935 1280 3967 con-

32 3981 114 4044 i'rupe
133 3982 271 4043 Memphim
290 3993 357 4029 eram
376 3983 441 4030 site:
461 3984 525 4030 uude
543 3984 645 4030 Martini
679 3984 812 4029 venientem
830 3983 928 4030 Diodori
948 3997 1082 4029 mensuram
1103 3999 1146 4030 seu
1166 3986 1279 4033 metiendi

30 4047 163 4108 Epignmi.
178 4046 201 4093 l.
678 4048 794 4095 rationem
804 4049 894 4103 asserit,
905 4051 948 4094 dre.

58 4113 646 4174 &mappaliensium-lampii.
711 4113 734 4160 ³.
754 4108 1025 4174 deminier‚d·c.]
1061 4112 1165 4159 imitatio
1176 4122 1212 4160 est
1222 4115 1279 4161 Pin·

29 4178 129 4225 llerod.
141 4179 185 4225 lib.
197 4177 220 4223 2
235 4192 275 4224 ess
292 4178 403 4224 describit
418 4181 539 4225 accurati:
558 4179 644 4235 Unam,
677 4178 762 4225 dacica
779 4178 895 4234 dictionis,
911 4178 980 4238 Pyth.
995 4178 1046 4224 Ode
1062 4177 1085 4224 6.
1097 4178 1137 4224 ubi
1153 4178 1279 4226 Xenocrati

25 4244 72 4298 ait,
82 4243 201 4304 quinqde
210 4242 293 4289 stadiis
308 4244 410 4303 longam,
425 4244 506 4291 decem
517 4243 585 4289 anuis
596 4244 644 4289 ela·
676 4251 772 4304 paratus
789 4242 875 4289 dicitur
891 4243 988 4289 laudum
1005 4243 1137 4298 thesaurus,
1153 4258 1224 4303 quem
1241 4245 1278 4290 di-

26 4311 161 4355 bontsm:
187 4307 213 4354 in
234 4307 305 4354 aliam
326 4312 382 4354 verd
402 4323 476 4355 annos
496 4308 580 4368 viginti
602 4310 643 4355 ab·
676 4323 745 4356 ruere
755 4323 797 4354 seu
805 4308 898 4355 auferre
909 4317 1011 4369 nequeat
1019 4309 1055 4355 vel
1067 4308 1187 4368 hybernus
1196 4309 1278 4364 imber,

24 4385 154 4435 nuptos,
169 4374 214 4419 hc.
230 4372 350 4419 Ammius.
367 4373 472 4420 Marcell.
486 4373 553 4420 tm
567 4373 645 4435 Pyra·
677 4383 718 4420 sut
728 4381 821 4429 ventus,
832 4383 874 4420 sut
884 4375 956 4421 series
967 4387 1083 4420 annorum
1093 4381 1118 4419 et
1127 4373 1206 4432 lapsus
1217 4381 1277 4419 tem·

24 4441 108 4486 tides
128 4441 163 4486 ad
182 4439 295 4485 nimuh
312 4446 397 4499 septen
413 4445 532 4500 prweetn,
549 4454 646 4501 eumn
677 4453 769 4499 porum.

24 4508 164 4552 distans
177 4505 289 4564 surgendi
302 4504 448 4562 difficultates
458 4506 556 4565 scriptor
569 4504 642 4550 Hero·
707 4504 730 4550 6.
748 4504 801 4552 Non
811 4505 982 4558 mancam,
991 4499 1044 4564 ira]
1071 4502 1124 4548 Non
1134 4509 1182 4546 tam
1192 4502 1278 4548 anima

23 4573 102 4618 datu
120 4573 197 4624 dat-et,
212 4570 277 4615 atera
290 4584 376 4616 annam
389 4571 477 4616 onam
489 4571 642 4626 altitudinem,
674 4573 746 4628 quim
763 4569 799 4614 sui
817 4569 919 4614 nominis
933 4567 1103 4614 immortalitati
1118 4572 1142 4610 et
1157 4568 1279 4616 memoria

23 4652 83 4696 gu
91 4636 228 4683 sudatas
235 4634 407 4695 multipotens
417 4642 499 4683 erecta
506 4641 559 4683 suat
567 4642 642 4683 turres
674 4634 804 4682 vellicatur
816 4635 888 4681 Poeta
898 4642 984 4680 noster.
