3059 4984
363 235 694 308 EPISTOLARUM
719 243 862 310 LIBER
885 246 979 313 11.1.
1214 254 1279 319 nst

48 368 110 434 Vel
124 370 244 449 Gabiis,
259 371 309 437 vel
319 395 390 439 cum
400 376 507 460 rigidis
520 391 641 462 aquata
655 380 791 457 Sabinis,
813 383 856 446 25
868 385 1020 432 mmm
1037 402 1079 433 ⁸⁰¹¹
1098 389 1162 448 apua
1181 390 1277 443 nana,

49 455 238 522 Pontificum
253 457 360 536 libros,
375 484 493 526 annosa
506 464 662 529 volumina
676 479 790 545 vatum,
867 464 972 569 ffffl¹
983 453 1069 562 ’Ἥ
1079 454 1276 564 81”Ῑ’ἰ“ἰξω’“1ῗο’

48 541 184 609 Dictitet
196 544 319 611 Albano
334 546 445 612 Musas
461 551 492 613 in
509 564 614 615 monte
629 550 757 617 locutas.
867 586 918 625 tum
926 530 1044 640 irachia,
1056 533 1087 628 pa
1080 533 1193 630 nisibi
1194 535 1276 633 11011

48 630 94 704 Si,
111 632 186 714 quia
201 630 381 697 Graecorum
396 646 470 699 sunt
483 638 695 721 antiquissima
708 660 841 724 quaeque
867 645 959 691 stanno
977 646 1049 692 rutae
1070 647 1157 694 dictata
1180 660 1275 697 aaran

48 713 183 800 Scripta,
198 717 246 781 vel
261 720 387 803 optima,
404 720 537 786 Romani
552 736 720 809 pensantur
734 723 844 790 eidem
866 710 1199 824 g'rffl’effissffi‘ffiffi
1208 717 1276 841 (ἐξ

48 800 222 887 Scriptores
252 804 386 883 trutini;
417 829 479 872 non
508 822 556 873 est
583 810 668 894 quod
688 811 785 876 multa
810 811 1010 887 lammam,
1046 842 1158 898 emm„
1198 845 1275 892 Lm„

177 912 325 974 quamtis:
811 899 855 962 30
867 905 989 965 scriptores
1010 906 1081 952 simili
1102 909 1193 955 ratione
1213 910 1275 956 nsti-

48 972 101 1037 Nil
117 975 202 1040 intra
216 990 263 1041 est
277 977 387 1054 oleam,
404 979 448 1043 nil
463 992 552 1045 extra
567 982 661 1046 estin
676 1005 755 1049 nuce
772 985 851 1049 duri.
866 978 975 1062 ¹¹¹¹¹¹T¹i
985 972 1277 1050 plantasverbtsponen

762 1073 769 1085 ,
866 1049 937 1094 opus.
953 1036 1012 1081 mlnl
1023 1050 1047 1081 m
1058 1037 1127 1092 olivi,
1139 1039 1198 1084 nihil
1210 1048 1276 1086 extra

48 1059 201 1126 Venimus
236 1064 276 1128 ad
310 1088 461 1129 summum
498 1066 646 1133 sortunae:
685 1073 852 1156 pingimus
866 1101 1068 1147 nocemuurteu.
1104 1103 1275 1166 p„„„„„„„

175 1160 268 1234 atque
865 1179 916 1211 cem
937 1166 1071 1224 attigimus:
1099 1167 1225 1228 pingimus,
1251 1178 1276 1216 et

531 1336 798 1383 ANNOTATIONES.

48 1442 132 1490 malus:
157 1447 259 1493 alterum
281 1453 295 1495 a
315 1450 445 1509 Tarquinio
464 1451 570 1511 Superbo
591 1466 645 1497 cum
677 1453 753 1513 Atque
764 1454 821 1500 oded
825 1454 868 1512 fiet
880 1456 957 1500 melior
967 1470 1003 1500 res
1011 1455 1101 1515 poplica
1111 1462 1193 1500 cestro.

48 1510 116 1569 aptis
128 1511 220 1558 civibus
231 1514 320 1567 Gabiis,
333 1514 357 1561 in
369 1515 420 1576 ipsis
432 1517 503 1569 urbe;
519 1518 645 1562 alterumn
678 1518 1273 1580 Namtsamoeasrnperuaetenrtaguetmunstre,

48 1576 147 1623 Romulo
162 1592 217 1623 cunr
234 1578 288 1625 Tito
300 1581 368 1626 Tatio
384 1581 524 1627 Sabinorum
536 1597 604 1641 regei
621 1590 645 1628 et
680 1584 725 1632 Qut
749 1591 834 1630 vestros
860 1600 948 1644 carrrpos
973 1587 1066 1645 placide
1092 1601 1151 1631 istinc
1175 1601 1273 1646 ruraque

48 1654 84 1685 roc
91 1649 218 1702 aequatam,
227 1644 275 1689 sivc
282 1646 356 1704 aquis
364 1645 450 1691 facturn
458 1647 643 1702 conditionibus,
769 1656 876 1708 pascant.

48 1720 87 1750 ron
105 1716 188 1753 autem
205 1709 269 1769 prius
286 1710 352 1767 illud,
365 1712 427 1770 quod
442 1711 551 1770 iniquum
566 1711 644 1771 potius
708 1712 747 1767 27.
764 1715 855 1759 Albano
867 1715 982 1759 Maiensis
994 1712 1182 1774 morttelocutas]
1212 1715 1274 1764 Quia

47 1771 149 1817 licetur:
162 1781 188 1818 ut
199 1776 258 1820 bene
269 1778 377 1822 observat
389 1778 477 1823 Theod.
491 1777 581 1823 Marcii.
608 1778 643 1823 De
675 1777 807 1823 monticolae
818 1788 873 1824 sunt
885 1779 967 1833 illusae,
985 1779 1040 1825 irinc
1056 1780 1137 1824 liorat
1151 1781 1273 1825 Musarum

48 1835 113 1882 ›riori
122 1837 220 1893 saedere,
233 1840 301 1886 Dion.
312 1842 388 1887 Helie.
398 1842 438 1887 lib.
448 1841 471 1887 4.
483 1842 512 1887 de
520 1843 643 1903 posteriori
677 1842 814 1888 Latinarum
831 1844 909 1889 sedem
928 1844 1024 1889 collocat
1040 1846 1103 1905 apud
1115 1845 1218 1890 Albanos
1235 1854 1272 1890 tu·

50 1900 80 1946 ib.
91 1903 116 1948 2.
133 1902 177 1947 ubi
191 1905 272 1950 scribit
289 1906 442 1952 constitutum
453 1922 511 1962 esse,
529 1916 555 1952 ut
566 1908 643 1953 Ronsae
675 1908 759 1963 mulos,
777 1908 801 1953 in
820 1909 898 1954 medio
918 1909 985 1963 Latii,
1001 1909 1041 1954 ubi
1059 1910 1192 1955 communia
1208 1925 1273 1955 sacru

48 1982 106 2025 'eges
122 1976 199 2015 essent
214 1973 277 2030 eque
288 1970 396 2018 Romaim
410 1979 433 2017 et
445 1973 534 2026 Tatius,
547 1974 643 2032 paribus
677 1972 814 2018 Latinorum
832 1974 943 2019 celebrari
961 1973 1073 2019 solebant.
1092 1975 1195 2019 Turneb.
1224 1975 1272 2019 Alii

48 2033 171 2093 *effragis'n
182 2041 205 2080 et
215 2037 335 2096 equaliter
343 2038 461 2083 roseata
465 2034 609 2097 fruerentur.
675 2037 769 2083 mimice
788 2038 813 2083 in
832 2039 924 2083 Albano
943 2039 1023 2084 illusas
1045 2038 1151 2084 collocari
1171 2044 1184 2083 a
1203 2040 1273 2099 poetri

71 2098 113 2143 2⁶.
134 2096 238 2159 Gabiis]
273 2101 309 2147 De
320 2102 357 2148 his
370 2103 397 2148 T.
411 2102 461 2148 Lis.
479 2102 519 2148 lib.
533 2102 554 2148 l.
583 2103 642 2149 Vide
675 2110 754 2148 nostro
767 2104 862 2156 volunt;
878 2118 962 2164 nempe
977 2105 1007 2148 ob
1021 2103 1174 2149 rusticitatem
1186 2104 1271 2149 Albani

48 2172 121 2208 tanet.
133 2172 227 2211 nostras
238 2164 278 2211 lib.
292 2166 312 2212 l.
325 2167 400 2227 Epist.
414 2167 451 2213 ll.
464 2174 487 2212 et
500 2167 537 2213 15.
675 2168 768 2223 montis,
780 2183 833 2227 qua·
846 2176 911 2213 tanto
922 2168 1025 2228 quidem,
1038 2180 1064 2214 ut
1075 2168 1187 2227 Virgilius
1199 2169 1272 2215 Alba-

70 2225 191 2288 Sabins's.]
227 2230 254 2275 T.
268 2230 318 2277 Lis.
330 2232 368 2277 cit.
395 2232 443 2278 Nos
455 2233 484 2277 sd
497 2233 596 2293 Epodon
608 2234 631 2278 2.
675 2246 758 2277 norum
771 2248 853 2292 regum
863 2242 929 2293 gesta
941 2248 1036 2279 exorsus
1048 2234 1156 2288 scribere,
1168 2234 1273 2279 omiserit

71 2292 112 2339 26.
124 2295 262 2353 Pontificum
270 2294 359 2357 libran]
377 2297 545 2357 Compositosi
555 2298 642 2354 Numi,
675 2297 798 2343 nominum
809 2297 933 2357 asperitate
944 2299 1082 2351 deterritus;
1100 2300 1163 2358 quod
1174 2306 1273 2344 testatur

48 2358 642 2422 optinentesritussacrificiorum,precationes,&a
675 2362 770 2408 Servius
781 2364 811 2408 sd
824 2364 903 2421 Eclog.
915 2363 938 2408 6.
973 2364 1019 2409 Alii
1032 2379 1085 2409 curn
1097 2365 1189 2409 Acrone
1199 2364 1272 2409 alludi

48 2425 149 2470 lunsles
158 2424 229 2470 etism
238 2425 365 2485 significari
373 2429 462 2473 solunt.
480 2427 528 2473 Cic.
539 2429 567 2473 de
577 2429 641 2474 Orat.
674 2434 759 2487 putant
769 2429 799 2473 ad
810 2429 925 2487 colloquia
939 2429 1023 2473 Numae
1038 2444 1091 2474 cum
1105 2428 1191 2487 Egeriai
1202 2444 1272 2488 nym-

48 2504 60 2531 ι.
76 2488 135 2535 las
159 2489 188 2534 In
199 2488 335 2551 jurecs'oili,
352 2499 375 2539 et
389 2495 413 2538 r'n
427 2494 557 2553 ponteficum
568 2495 641 2550 libris,
674 2493 722 2552 phi
736 2493 761 2538 in
778 2502 858 2539 monte
870 2494 977 2545 Albano;
994 2493 1123 2553 praesertim
1139 2495 1192 2538 cunr
1209 2494 1272 2551 lige·

49 2560 59 2598 t
71 2557 97 2599 in
108 2556 230 2601 duodecin
241 2558 325 2604 tabulis
337 2559 438 2618 plurima
448 2565 482 2604 est
497 2560 642 2619 antiquitatis
674 2558 733 2603 ristn
750 2572 822 2603 unam
839 2559 869 2604 de
890 2558 964 2604 Musis
983 2558 1054 2604 fuisse
1072 2558 1158 2604 scribat
1175 2559 1273 2618 Dionys.

48 2620 143 2680 figiesr
162 2622 223 2681 qaid
233 2628 256 2667 et
265 2624 382 2669 verborum
390 2625 470 2683 prisco
478 2630 579 2669 vetustas
589 2640 641 2685 cog-
676 2622 751 2668 Halic.
772 2622 812 2667 lib.
824 2625 846 2669 2.
867 2632 891 2669 et
909 2624 1026 2669 Plutarch.
1045 2624 1069 2668 in
1087 2624 1180 2668 Numi:
1197 2638 1273 2682 quan·

48 2686 151 2740 rescitur,
169 2692 192 2731 et
202 2688 313 2732 actionum
324 2690 427 2748 quadarn
436 2704 522 2750 genera
532 2688 642 2750 majorum
674 2702 745 2746 quam
758 2688 818 2732 Tull.
836 2688 855 2733 1.
869 2688 924 2747 Leg.
937 2704 976 2733 cos
988 2696 1014 2733 ut
1024 2688 1143 2747 imperitos
1154 2697 1178 2733 et
1189 2689 1273 2734 bardos

48 2751 226 2796 mesetudiness
236 2754 349 2813 nitentque
359 2755 485 2799 declarant.
674 2752 786 2812 explodit,
801 2753 842 2811 qui
855 2753 957 2798 Numam
969 2767 1022 2797 cum
1035 2753 1121 2810 Egerii
1132 2753 1272 2797 collocutum

68 2818 173 2861 Annona
182 2818 293 2863 momina
302 2815 399 2879 vatam]
418 2818 477 2863 nait
490 2817 567 2872 Navii,
578 2820 642 2878 apud
673 2817 777 2871 credant,
789 2817 845 2862 item
857 2818 896 2876 qui
908 2817 998 2877 apicem
1012 2817 1140 2875 Tarquinio
1151 2818 1181 2861 ab
1192 2818 1272 2876 aquili

48 2880 87 2926 tte.
108 2881 140 2926 de
163 2880 215 2926 mv.
257 2883 351 2929 Servius
371 2884 401 2929 ad
420 2885 475 2929 AEn.
494 2886 516 2929 b.
538 2884 641 2930 Macrob.
673 2881 816 2942 impositum.

48 2952 85 2991 ist.
108 2944 131 2990 1.
155 2945 239 2992 Marcii
257 2948 304 2993 duo
322 2948 433 2994 vaticinia
449 2949 505 2994 satis
523 2949 643 2995 incondita
707 2947 746 2992 28.
764 2948 863 3007 Siquis
874 2943 1071 3006 Gramma]
1097 2946 1272 3006 Reiellitpoe'ta

48 3011 129 3056 rofert
150 3011 179 3056 Τ.
192 3010 242 3057 Lis.
260 3012 300 3058 lib.
312 3014 353 3059 25.
372 3029 392 3059 e.
407 3013 443 3059 12
461 3015 561 3060 alterum
579 3015 641 3059 Can·
675 3012 738 3071 vulgi
755 3012 898 3072 opinionem.
932 3013 1003 3072 Apud
1015 3012 1116 3065 Graecos,
1132 3011 1216 3069 iuquit,
1232 3027 1271 3056 re-

49 3090 141 3121 ensern
153 3076 243 3121 cladem
251 3078 388 3137 predicens,
400 3079 501 3124 alterum
507 3081 595 3139 jubens
606 3078 642 3124 in·
674 3077 796 3123 tustissimi
814 3078 910 3136 quidem
928 3076 1016 3136 pariter
1031 3076 1100 3121 etiam
1116 3076 1199 3135 optimi
1210 3085 1271 3121 suot

48 3140 105 3186 citui
116 3140 190 3186 ludos
201 3141 356 3202 Apollinares.
391 3144 444 3189 Non
461 3143 551 3203 pigebit
561 3159 589 3190 es
600 3145 641 3190 de·
675 3143 708 3188 At
722 3156 770 3188 non
787 3142 821 3188 ita
838 3157 863 3188 se
880 3142 952 3187 babet
967 3142 996 3187 de
1011 3141 1162 3201 scriptoribus
1175 3141 1271 3186 Latinis.

48 3206 153 3252 cribere.
188 3206 254 3252 Prius
264 3208 298 3253 sic
308 3208 381 3254 ferme
392 3211 504 3255 canebat:
675 3207 727 3254 lmo
738 3207 880 3253 contrarium
895 3207 991 3253 omnino
1001 3206 1052 3251 fieri
1065 3206 1183 3265 judicium
1194 3207 1271 3251 debet

48 3276 138 3317 lm
154 3269 282 3332 Trojugeno
294 3274 394 3319 Cannam
404 3271 588 3335 Ronanejeuge,
674 3273 809 3332 Atquetam
821 3272 905 3318 salsum
916 3280 951 3317 est
961 3271 1069 3317 arbitrari
1080 3271 1216 3316 Latinorum
1228 3285 1270 3315 an-

48 3338 72 3383 le
84 3343 111 3383 te
122 3336 260 3395 diestgerns
270 3340 295 3384 s'n
306 3353 384 3399 campo
393 3346 474 3400 cogasst
485 3339 602 3385 Diomedis
674 3338 816 3397 tiquissiruos
833 3352 883 3383 esse
898 3337 1108 3397 praestantissimos,
1123 3340 1193 3394 quam
1208 3336 1271 3380 affir-

48 3402 424 3464 caminensempagnanrem.
436 3404 642 3465 Sednepaecredes
673 3417 738 3448 mare
755 3403 840 3449 olivam
858 3402 918 3449 nihil
936 3402 1007 3455 intus,
1026 3415 1109 3446 nucem
1128 3405 1195 3445 extra
1212 3400 1273 3445 nilril

48 3470 101 3512 late
112 3466 173 3511 arilei
183 3467 274 3513 donenm
285 3470 402 3529 compleris
410 3472 520 3529 snrqnine
531 3484 641 3529 campum,
674 3468 726 3513 duri
738 3467 840 3519 haberer
857 3468 913 3512 item
925 3471 997 3525 quam
1012 3466 1153 3511 contendere
1164 3465 1271 3525 pictores,

48 3533 168 3592 (altaque
177 3533 250 3578 mittio
259 3549 318 3580 caso
329 3541 417 3580 tuorum
428 3531 516 3595 deserat
527 3537 599 3580 annis
674 3541 788 3583 cantores,
794 3532 894 3577 athletas
903 3532 1020 3576 Romanos
1028 3530 1116 3575 Graecis
1124 3531 1272 3585 antecellere,

48 3614 60 3643 a
68 3602 177 3657 pastun
186 3612 291 3658 magam
301 3600 331 3645 de
341 3595 580 3659 terrdsragsjerenter
674 3612 727 3656 quaa
739 3597 834 3656 quidem
849 3602 929 3657 aperte
941 3601 954 3641 1
966 3611 1021 3641 vero
1032 3605 1055 3641 et
1071 3598 1100 3641 ab
1112 3595 1217 3640 omnium
1231 3598 1271 3655 ju·

48 3662 146 3708 iscibss'
153 3661 434 3725 pennigerispneserisqae
443 3665 561 3710 colentibu'
569 3672 643 3711 terras
674 3663 735 3708 dicio
746 3663 880 3708 abhorrent.

48 3724 310 3788 testatenaaroraa
328 3729 642 3791 Namm'italnppiterr'nflt.
706 3728 745 3774 31.
763 3728 809 3773 Nil
819 3727 1013 3779 intraestoteam,
1025 3722 1077 3786 iso]
1116 3724 1272 3771 Proverbialis

48 3792 647 3856 osseamormenomcurtmperptexiusqoescrip
674 3807 750 3838 sermo
767 3792 811 3838 iste
823 3792 930 3851 usurpari
947 3791 1006 3836 solet
1021 3791 1045 3835 in
1063 3805 1111 3843 eos,
1128 3790 1168 3849 qui
1184 3800 1272 3849 negant

48 3873 98 3903 rrae
109 3868 208 3915 genere,
218 3865 244 3903 ut
254 3859 288 3904 ait
300 3858 388 3914 Livius,
400 3859 433 3905 its
443 3860 492 3905 sere
503 3860 617 3906 babebat:
673 3858 797 3904 manifeste
814 3872 877 3912 vera,
894 3857 929 3901 vel
945 3863 1053 3901 asserunt
1069 3855 1191 3915 perspicue
1206 3856 1271 3901 falsa

48 3922 174 3970 mattae
183 3924 204 3967 si
210 3925 339 3983 perduelles
349 3926 461 3985 erpellere
470 3926 544 3979 solbs,
675 3923 802 3969 Enimvero
813 3924 871 3982 quid
880 3921 973 3975 certius,
985 3925 1055 3979 quim
1067 3920 1092 3965 iu
1103 3921 1164 3966 olivis
1177 3936 1227 3966 esse
1238 3936 1271 3975 os,

48 3990 64 4034 lt
75 3989 193 4034 nomicum
200 3995 300 4047 gentum,
310 4005 360 4050 qun
370 3991 435 4050 longe
446 3991 625 4051 alienigenarum
674 3995 698 4033 et
709 3995 776 4033 extra
787 4002 871 4033 nucem
882 4001 932 4032 esse
943 3996 1054 4046 putamen
1066 3986 1169 4031 durum?

48 4056 128 4104 'enitt
142 4053 269 4111 Apollinari
278 4056 377 4100 ocreatis
387 4070 464 4101 censeo
472 4057 544 4109 ludos,
708 4050 807 4112 onan]
854 4054 910 4099 Olea
936 4051 1030 4111 proprie
1056 4059 1092 4096 est
1113 4054 1188 4103 arbor,
1211 4049 1272 4095 oliss

48 4122 85 4167 rus·
98 4119 144 4164 deo
156 4119 362 4179 Apollinariflnnto
372 4123 432 4166 corne
441 4123 569 4181 quotannis,
673 4117 777 4171 sructus;
794 4125 897 4163 attamen
909 4124 1008 4176 utraque
1020 4131 1065 4161 vox
1076 4118 1101 4162 in
1113 4118 1212 4174 utrique
1223 4114 1272 4172 sig·

48 4194 114 4231 tuom
119 4181 174 4243 jam
182 4185 307 4244 poplicitris
320 4186 410 4246 popolos
421 4186 510 4232 dederit
520 4188 576 4246 stipi
584 4201 640 4246 par·
673 4183 808 4229 nilicstione
819 4183 920 4242 ponitur.

141 4253 201 4294 “⁷¹⁸³
706 4249 745 4294 32
767 4249 871 4294 Venimus
890 4249 921 4293 ad
938 4240 1181 4305 sensimsensrm]
1218 4242 1272 4288 Uno

48 4309 192 4373 asseriano
198 4315 308 4373 prioafirn
316 4330 359 4374 pro
369 4330 436 4377 seque
445 4318 543 4376 suisque.
673 4314 775 4359 absurdo
786 4313 869 4373 posito,
884 4312 958 4357 multa
973 4318 1147 4369 consequuntur
1162 4308 1271 4352 absurda

48 4382 64 4423 (a
75 4382 171 4436 praetor
182 4377 368 4439 ludissacr‘ands's
378 4381 431 4426 ollu'
440 4387 543 4441 praesto.
675 4379 767 4439 Nempe
783 4379 887 4424 dicemus
905 4378 1022 4436 deinceps,
1040 4374 1116 4432 inquit
1133 4373 1210 4446 po'e'ts,
1230 4386 1273 4419 nos

48 4443 640 4508 tuisnmnnmpopoloptebiqusendonrdednbitjas.
674 4444 737 4489 famis
747 4458 798 4490 esse
809 4443 947 4490 celebriores
959 4440 1054 4493 Grecis,
1070 4448 1093 4483 et
1107 4446 1194 4481 aruum
1210 4439 1272 4513 peri-

48 4514 65 4554 't
84 4508 122 4553 bis
133 4510 284 4569 quinqueviri
296 4511 376 4556 (ι’νιιω
385 4526 453 4557 sacra
462 4514 511 4556 rita
522 4513 630 4558 obeunte:
674 4509 759 4555 tiores:
776 4510 882 4567 quamvis
894 4510 1005 4554 hactenus
1016 4505 1032 4549 ii
1044 4512 1153 4564 praestare
1164 4504 1275 4549 omnibus

48 4576 101 4619 [αι
112 4569 225 4631 riseritis
234 4578 303 4631 recte,
312 4577 440 4637 gaudetur·
451 4592 544 4636 semper,
675 4574 757 4621 crediti
768 4574 822 4620 sint.
