3059 4984
293 274 355 339 lte
679 272 724 348 Q.
748 269 950 346 HQRATII
975 268 1138 336 FLACCI

289 420 314 459 et
329 411 483 473 profligavere
498 408 624 471 mnium,
639 424 706 469 mac
763 407 993 494 Pyrrhumque,
1008 419 1041 473 et
1055 410 1213 493 ingentem
1227 407 1338 475 cecidit

291 474 707 589 flfflfflloessffimgssffiffi
805 495 1005 572 Antiochum,
1025 494 1296 580 Hannibalemque
1310 497 1432 562 dimin:

291 606 395 654 militum
406 605 543 666 madum,
560 605 647 652 musti
658 613 707 651 rer.
720 581 785 647 Sed
799 581 985 647 rusticorum
999 581 1137 647 mascula
1151 581 1282 647 militum

291 686 344 719 Μ
354 667 430 718 ⁶⁰¹⁸st
441 669 529 731 utputo
538 670 633 725 ⁸⁸¹³le
644 678 668 716 ²¹
677 670 708 717 nd
722 665 843 746 Proles,
860 666 994 732 Sabellis
1010 667 1101 732 docta
1115 667 1272 752 ligonibus

291 735 708 862 {fflmfflrlipqffilfflmffij
764 753 898 819 Versata
913 753 1032 838 glebas,
1049 765 1081 819 ct
1096 776 1212 819 severae

293 866 353 912 eum
362 865 535 912 vereramur„
543 867 634 925 ΜΨ
642 865 709 912 lenis
807 839 921 904 Matris
935 840 976 904 ad
990 841 1150 905 arbitrium
1166 842 1283 906 recisos

293 930 624 986 b⁰¹³⁰⁸det¹⁸¹¹lt⁵⁰lh⁰r⁸m
631 931 708 977 addu-
724 923 852 991 Portare
866 925 984 1003 fustes3
1002 925 1056 991 Sol
1071 928 1125 991 ubi
1141 929 1291 991 montium

292 996 709 1122 gssffifflffffiffi
722 1012 863 1077 Mutaret
876 1013 1012 1090 umbras,
1028 1025 1060 1078 et
1069 1015 1146 1097 juga
1162 1014 1300 1078 demeret

293 1125 347 1188 put
765 1098 875 1163 Bubus
890 1097 1037 1183 fatigatis,
1052 1101 1186 1164 amicum

808 1185 949 1269 Tempus
964 1207 1071 1270 agens,
1088 1188 1222 1251 abeunte
1237 1207 1341 1251 curru.

724 1270 886 1337 Damnosa
900 1271 976 1356 quid
992 1294 1055 1337 non
1070 1274 1225 1338 imminuit
1239 1271 1329 1337 diest

783 1487 1052 1535 ANNOTATIONES.

293 1616 388 1662 luerent
395 1614 412 1661 ll
421 1613 515 1669 milites,
526 1614 567 1675 qui
575 1615 700 1675 praeclaros
708 1614 798 1675 Populo
809 1615 896 1661 Roma·
932 1615 978 1660 Sed
990 1613 1033 1659 filii
1044 1613 1148 1660 sitorum
1164 1611 1252 1659 rustico
1267 1613 1348 1659 labore
1366 1621 1391 1659 et
1400 1612 1464 1658 militi

294 1695 326 1726 no
333 1680 464 1741 triumphos
471 1688 624 1741 pepererunt;
635 1680 676 1741 qui
683 1680 761 1726 navali
769 1680 897 1726 certamine
931 1682 1061 1734 bustorum,
1077 1687 1101 1725 et
1111 1678 1155 1739 ipsi
1166 1678 1255 1738 pariter
1265 1679 1351 1738 agresti
1365 1678 1414 1724 riti
1424 1678 1464 1722 ind·

294 1745 402 1791 vicerunt
423 1745 638 1805 Carthaginienses,
665 1753 690 1792 et
712 1745 814 1792 scutum
836 1761 898 1791 reare
931 1745 1090 1803 diuturnoque
1107 1744 1172 1803 operi
1190 1743 1292 1798 assueti3
1309 1744 1455 1803 proindeque

295 1810 367 1857 Poeno
375 1813 633 1872 pnepnreueascnguine
644 1810 813 1856 reddiderunt:
825 1817 899 1856 utert
930 1810 1009 1856 animo
1023 1810 1093 1868 jurad
1109 1816 1133 1853 et
1150 1808 1203 1854 sorti
1222 1823 1326 1869 corpore,
1344 1823 1395 1855 uon
1414 1809 1463 1854 moll

295 1874 320 1920 in
333 1875 384 1921 Ode
398 1874 435 1922 la
454 1875 494 1921 lib.
506 1877 529 1923 2.
564 1875 624 1922 Vide
640 1876 826 1935 ibiAnnotqui
838 1876 897 1935 Pyr·
931 1874 1090 1934 voluptatibus
1100 1873 1175 1919 fracti.

294 1940 373 1996 rhum,
385 1941 425 2000 qui
436 1940 588 1996 Antiochum,
598 1941 638 2001 qui
648 1941 791 1988 Annibalem
801 1955 897 2002 supera·
963 1940 1002 1985 38
1021 1940 1120 1985 Sabellis
1128 1940 1195 1985 docto
1203 1938 1317 1999 ligonibus
1330 1938 1428 1986 i'erscre
1433 1939 1464 1999 gb

294 2015 388 2062 rerunt,
399 2021 426 2053 ac
436 2006 578 2053 ceciderunt.
930 2004 985 2052 lam
996 2004 1130 2050 notavimus
1140 2003 1196 2049 alibi
1207 2004 1308 2063 optimos
1325 2003 1404 2049 italie
1414 2004 1464 2048 bella

328 2071 368 2119 88.
384 2069 521 2134 Pyrrhum]
556 2072 580 2117 ls
592 2070 744 2133 Epirotarum
755 2085 806 2126 rex,
821 2078 899 2131 pater·
931 2069 1078 2116 existimatos
1092 2069 1184 2129 pridem
1196 2068 1302 2129 Appulos
1318 2079 1341 2115 et
1358 2069 1464 2114 Samnite

296 2150 355 2183 num
365 2151 440 2196 genus
449 2138 479 2183 ad
491 2136 627 2192 Herculem,
636 2144 770 2183 maternum
778 2136 809 2182 nd
818 2134 899 2181 Achil·
932 2144 955 2180 et
967 2134 1061 2189 Sabelli,
1076 2138 1091 2179 a
1103 2133 1196 2180 Sabinis
1208 2134 1262 2190 orti,
1277 2148 1306 2179 ex
1319 2136 1442 2187 Strabone,
1457 2133 1463 2177 l

296 2201 482 2256 lam‚ret'erebat.
500 2201 700 2261 lmperiumorbia
708 2201 788 2246 animo
797 2215 899 2256 versans,
932 2208 956 2246 et
968 2200 1026 2246 Plin.
1039 2199 1078 2245 tiu.
1090 2199 1112 2245 8.
1125 2214 1175 2260 cap.
1189 2197 1226 2244 12.

297 2265 899 2327 debelloRomanisiuserendoApollinisoraculum
963 2265 1003 2312 39.
1016 2259 1464 2324 EtsmoeMatnbadmbiniamlre.]

296 2330 423 2384 consuluit,
442 2331 585 2389 delusuaque
604 2339 639 2376 est
658 2330 754 2390 ancipiti
772 2345 898 2390 responso:
931 2330 1047 2375 etmatris
1059 2330 1158 2389 imperio
1169 2337 1192 2375 et
1203 2330 1285 2375 severa
1296 2328 1423 2389 discipline
1439 2328 1464 2372 far

297 2395 381 2448 Alete,
393 2395 797 2454 AEaeldo,1lornanosuincereposse.
815 2395 900 2454 Itaque
932 2395 1044 2440 virtutem
1061 2394 1215 2440 laboriosam:
1237 2408 1291 2439 narn
1307 2395 1411 2453 Jubebst
1426 2393 1461 2438 illa

299 2459 434 2504 Tarentinis
443 2459 520 2504 terens
527 2460 642 2506 auxilium
651 2462 762 2506 adversus
772 2461 899 2516 Romanos,
932 2459 1071 2505 diuturnum
1083 2474 1149 2519 opus,
1160 2459 1226 2519 ligna
1236 2459 1308 2504 etiam
1319 2460 1420 2514 cadere,
1431 2467 1464 2516 atq

297 2523 388 2582 ingenti
400 2524 497 2582 quidem
505 2531 627 2584 apparatu,
640 2525 735 2571 dCurio
745 2525 900 2584 Fabricioque
932 2540 1001 2571 usum
1013 2525 1166 2570 domesticum
1179 2532 1306 2584 reportare.

298 2588 441 2634 Consulibus
461 2589 598 2649 profligatus
617 2597 659 2636 est.
703 2590 729 2636 L.
743 2590 804 2636 Flor.
824 2590 864 2635 lib.
878 2589 899 2636 l.
966 2588 1004 2636 41.
1022 2591 1107 2636 Solubs'
1115 2592 1221 2635 montium
1231 2584 1455 2646 Mmarerentrm]

297 2667 348 2713 cap.
362 2651 399 2699 18.
417 2653 451 2699 ita
460 2654 554 2699 scribit:
576 2655 673 2705 Quinam
689 2656 725 2701 illi
734 2653 833 2716 juerant
848 2658 901 2710 oiri,
932 2654 991 2716 peri,
1008 2657 1062 2700 cum
1074 2669 1173 2713 vergens
1190 2655 1229 2700 Sol
1240 2654 1271 2700 ad
1281 2662 1464 2710 occasumnuget

298 2732 353 2780 qaae
363 2719 393 2764 ub
404 2718 540 2779 Elephantis
552 2722 627 2779 primo
639 2722 720 2780 praelia
731 2723 825 2767 obtritos
835 2736 900 2767 occe·
934 2723 994 2778 bros,
1006 2728 1047 2765 aut
1058 2720 1173 2765 convertit
1183 2721 1214 2766 sd
1224 2720 1348 2774 orientem,
1362 2735 1417 2779 que
1428 2732 1464 2763 ms

294 2785 390 2844 pinna?
426 2785 528 2832 Omnian
542 2786 637 2832 onlnem
647 2788 670 2832 in
682 2792 789 2846 pectore:
807 2787 899 2847 quidam
932 2785 1076 2830 occidentem
1088 2785 1188 2830 fuerant
1215 2784 1281 2830 Prior
1289 2784 1464 2844 interpretabor

297 2850 399 2896 bentibus
419 2852 468 2897 sais
489 2852 610 2906 immortni,
635 2854 732 2897 anniam
752 2853 776 2897 in
797 2852 900 2897 manibus
932 2850 1027 2896 arridet.
1063 2849 1145 2909 Virgil.
1158 2850 1238 2909 Eclog.
1251 2848 1273 2895 l.
1286 2863 1306 2893 v.
1319 2848 1358 2895 81

298 2930 378 2962 mes.-
396 2922 420 2961 et
435 2916 521 2963 relicte
532 2918 557 2962 in
573 2917 673 2963 cultibus
689 2918 763 2970 minc,
780 2923 802 2962 et
813 2918 838 2961 in
849 2918 901 2976 ipsd
965 2913 1111 2977 Majorerqne
1121 2916 1206 2960 cadum
1217 2916 1272 2960 altis
1283 2916 1311 2960 de
1320 2916 1435 2960 nantibus
1444 2929 1464 2958 ar

297 2987 368 3027 arcete
379 2982 521 3028 namtas.
549 2982 615 3031 Quod
622 2982 678 3028 oded
689 2983 786 3027 miratus
794 2987 828 3027 est
838 2981 900 3042 Pyr·
935 2979 1015 3038 Eclog.
1027 2980 1049 3024 2.
1062 2995 1083 3023 v.
1095 2979 1134 3033 67.

298 3047 360 3100 eber,
371 3051 398 3092 st
412 3047 513 3092 diceret:
532 3042 709 3107 Oqudnsccile
719 3052 769 3092 erat
781 3046 842 3092 orbis
852 3046 900 3091 ln·
966 3045 999 3090 Et
1009 3046 1043 3090 eal
1052 3050 1176 3090 crescentes
1186 3045 1296 3090 deeedm
1305 3044 1414 3104 deplumat
1425 3044 1464 3088 snt

294 3113 385 3172 perium
401 3125 517 3170 occupare,
535 3117 577 3156 ant
592 3111 767 3156 mibiltornonie
782 3111 901 3166 militibus,
967 3106 1025 3169 sot]
1060 3109 1135 3155 Cicer.
1147 3109 1177 3154 de
1189 3109 1243 3154 Nat.
1259 3109 1374 3164 Deorum,
1394 3108 1462 3154 redd

297 3182 340 3223 cat
350 3191 384 3221 are
395 3175 458 3237 Rege
468 3176 584 3230 Romania
595 3175 635 3238 dyc.
933 3175 1016 3230 dictas,
1034 3175 1069 3220 uel
1082 3177 1137 3234 qnia
1147 3175 1208 3220 solas
1222 3189 1251 3220 ea
1261 3175 1364 3220 omnibus
1375 3175 1464 3221 sideribr

331 3241 451 3301 Ingentem
467 3236 624 3301 Antiochum]
667 3239 799 3286 Commune
818 3254 902 3299 regum
934 3246 1028 3286 tantus:
1040 3240 1076 3285 uel
1084 3242 1139 3300 quia
1147 3243 1198 3285 can
1206 3245 1241 3286 est
1249 3245 1347 3292 nortae,
1357 3242 1464 3286 mab

298 3305 375 3366 Syriae
390 3319 476 3351 nomen
493 3305 538 3352 hoc
553 3313 611 3360 erat,
629 3312 688 3350 teste
703 3304 820 3365 Appiano.
856 3305 902 3350 Hic
934 3306 1001 3351 nibus
1010 3305 1071 3350 solus
1081 3311 1185 3364 apparet.

298 3376 380 3432 aperte
388 3371 525 3431 designatur
532 3370 663 3417 Antiochus
670 3378 826 3429 cognomento
834 3370 902 3428 Mag·
968 3370 1006 3416 te.
1024 3368 1124 3430 Etjnga
1135 3372 1234 3416 demeret
1243 3364 1457 3431 Bubassatigatr's]

299 3448 352 3481 nus.
368 3485 371 3490 .
387 3436 479 3482 Bellum
490 3435 565 3482 morit
576 3436 713 3497 impellente
725 3435 850 3490 Annibale,
861 3435 902 3493 qui
934 3443 1040 3494 tempore
1049 3435 1242 3494 denriturjugum
1250 3436 1324 3480 bobus
1331 3436 1423 3480 arando
1429 3433 1464 3478 lati

298 3501 371 3546 nictus
386 3507 409 3547 et
421 3497 533 3564 prqt'rrgus
546 3503 630 3549 bostem
643 3502 727 3562 populo
743 3501 844 3547 Romano
858 3506 903 3547 tota
935 3499 1052 3559 solutique
1058 3501 1088 3545 ab
1095 3508 1173 3545 aratro
1180 3501 1277 3546 domum
1283 3500 1437 3546 reducuntur.
1454 3498 1464 3539 1

299 3565 352 3611 orbe
362 3568 486 3625 qsaerebnt.
520 3567 596 3613 Acilio
608 3567 736 3613 Glabrione
747 3565 849 3612 Consule
860 3565 902 3611 de·
935 3565 1006 3610 modo
1017 3564 1055 3610 cit.

298 3629 399 3674 bellatus
410 3639 452 3684 est,
463 3630 529 3677 caesis
537 3632 695 3691 quadraginta
705 3631 818 3686 millibus,
829 3629 903 3690 captis
968 3630 1052 3690 Aspice
1058 3636 1139 3675 aratra
1141 3626 1202 3691 jugo
1209 3625 1311 3690 rq‘ernnt
1319 3645 1429 3689 saepem
1431 3627 1464 3689 jar

299 3692 330 3737 ad
339 3693 533 3754 quinquemillia.
558 3697 649 3742 Tullius
660 3711 703 3757 pro
711 3698 806 3742 SextIo:
818 3698 902 3742 Antio-
968 3695 1000 3741 lit
1012 3696 1051 3741 Sal
1060 3701 1184 3741 crescentes
1195 3696 1303 3741 decadem
1314 3696 1420 3754 deplicet
1430 3709 1463 3739 nn

299 3758 365 3803 dam
376 3760 439 3804 illurn
447 3759 559 3820 Magnam
567 3759 664 3821 majores
674 3763 746 3806 nostri
756 3765 840 3822 magnd
850 3762 904 3807 belli
969 3759 1007 3806 48
1025 3761 1128 3806 Amicam
1143 3760 1239 3819 Tempus
1249 3775 1328 3821 ageas,
1339 3760 1436 3806 abesan
1446 3773 1464 3802 er

300 3825 446 3878 muneram,
472 3827 536 3870 terrd
557 3828 659 3886 ararique
679 3832 818 3885 superatura,
840 3829 904 3872 intra
937 3824 1064 3870 Adducens
1075 3824 1464 3884 tempusoptimaeetjncundaept

300 3893 395 3933 montena
415 3888 515 3934 Taurum
532 3905 629 3950 regnare
644 3888 772 3951 jraaerant.
813 3890 845 3936 Et
859 3905 902 3952 pro
935 3891 1015 3935 boram
1025 3889 1098 3950 quieti
1108 3890 1259 3944 destinatum,
1271 3890 1463 3936 Sotseconntm

302 3950 426 4011 Deiotaro:
444 3953 570 4000 Antiochus
586 3969 681 4015 magnas
696 3955 734 4000 ille
745 3971 813 4001 res..
824 3989 830 4002 .
840 3960 903 4002 edm
936 3956 998 4000 bitur
1008 3962 1076 4016 atque
1087 3957 1143 4010 abit,
1155 3962 1181 4000 ut
1192 3955 1225 4000 ait
1237 3955 1310 4000 Cicer.
1323 3955 1345 4001 l.
1357 3956 1389 4002 de
1402 3953 1464 4000 Dirin

300 4031 385 4063 omnem
395 4018 550 4072 bancAeioen,
566 4034 616 4079 qun
632 4034 691 4065 nunc
705 4026 741 4066 est
755 4027 833 4067 nostra
846 4037 901 4081 pro·
935 4019 974 4067 46.
1009 4020 1233 4079 Virgil.AEneid.2.
1246 4033 1266 4065 v.
1279 4021 1302 4067 9.

299 4083 383 4136 anna,
391 4084 504 4129 omisisset
510 4101 519 4136 ,¹
528 4085 604 4130 dicere
614 4085 743 4140 estsolitns,
755 4087 849 4147 benigne
858 4087 903 4132 sibi
935 4109 1130 4121 ———-—-
1138 4086 1169 4131 lit
1174 4085 1227 4146 jaas
1238 4101 1281 4131 noe
1291 4086 1387 4130 humido
1397 4085 1448 4130 eale

301 4148 317 4194 d
322 4147 512 4207 meledunum
520 4147 668 4210 essejactnnr,
675 4152 736 4212 qnbd
743 4152 810 4197 nimis
818 4154 902 4209 magud
934 4150 1073 4210 Pracipitat
1079 4168 1088 4202 ,·
1098 4152 1239 4211 suadentque
1246 4150 1353 4196 cadentia
1360 4152 1436 4197 sidera
1444 4165 1463 4192 m

297 4213 459 4274 peremtione
478 4214 588 4261 liberatus
605 4216 698 4262 morinis
715 4218 781 4276 regni
800 4217 903 4262 terminis
936 4215 1044 4275 Georgic.
1056 4215 1079 4260 a
1091 4230 1112 4260 v.
1125 4215 1180 4260 388.

301 4283 411 4324 uteretur.
445 4277 506 4323 Vide
523 4279 588 4325 Osos
607 4279 647 4325 lib.
664 4281 686 4326 t.
704 4296 753 4341 cap.
765 4281 805 4326 20.
840 4280 902 4325 Flor.
936 4280 986 4327 Nec
997 4285 1047 4326 can
1058 4282 1231 4340 invectrneqnis
1243 4277 1305 4339 (Sol)
1317 4281 1391 4325 altam
1398 4280 1464 4341 petit·

301 4342 341 4389 lib.
357 4343 380 4390 T.
399 4357 450 4402 cap.
465 4342 488 4388 8.
522 4343 609 4390 lustin.
626 4343 666 4390 lib.
677 4343 717 4391 bl.
752 4345 780 4390 T.
794 4343 844 4390 Lir.
863 4344 902 4391 48.
1034 4361 1068 4400 ra,
1079 4349 1181 4391 neceam

303 4406 404 4468 Appian.
416 4409 459 4454 &o
935 4409 1083 4469 Pracipitem
1094 4411 1179 4456 Oceam
1190 4409 1258 4454 rubro
1266 4409 1322 4454 lenit
1332 4424 1420 4469 equore
1430 4421 1464 4450 car

334 4472 374 4519 ³6.
390 4473 588 4536 limanibalemqne
605 4470 701 4534 dirum]
735 4473 797 4519 Vide
815 4472 903 4520 Aunot.
969 4474 1008 4520 tt.
1021 4475 1368 4536 Dcnnsannidnoninrnbrait
1375 4469 1449 4531 diest]

301 4536 341 4582 lib.
353 4539 377 4584 2.
389 4540 458 4586 Oden
471 4538 508 4586 18.
937 4553 984 4585 uon
1003 4540 1105 4585 absumit
1123 4547 1223 4600 tempus,
1241 4541 1312 4584 rebus
1333 4535 1464 4584 omnibusti

334 4601 373 4656 37.
391 4605 437 4651 Sed
444 4606 579 4653 rusticorum
588 4606 688 4652 mascula
696 4604 793 4651 militum
803 4599 903 4664 Proles]
937 4605 1049 4651 donnum
1061 4604 1248 4663 interitumque?
1266 4602 1314 4649 Cic
1328 4619 1370 4664 pro
1383 4604 1447 4650 Mara
