3059 4984
382 269 575 336 DACERH
602 270 864 338 PRAEFATIO.
1177 271 1244 338 819

60 429 292 538 tnuulieomm
310 453 407 517 opera
421 432 525 518 legere
539 445 691 519 oporteat,
712 434 768 500 ubi
784 435 824 500 de
842 455 877 499 re
895 434 998 517 agitur
1012 433 1148 500 obscuri
1161 432 1241 501 adeo
1263 434 1273 456 '

62 528 328 704 tilloniquuztsatirae
355 605 396 670 ad
424 606 535 672 Soeuae
562 628 655 672 usum
682 606 863 692 compositus
888 605 1041 671 Naturam
1066 604 1240 686 declaravi,

58 687 145 754 >unum
168 690 221 754 leci
244 690 316 755 mde
339 693 516 777 exemplum
542 694 602 758 sibi
627 694 797 778 sumpsisse
822 691 981 770 Ennium3
1006 691 1082 758 satis
1106 692 1242 779 denique

58 774 220 840 confirmatum
235 777 305 841 dedi
321 777 419 843 Ennii
440 779 630 865 Pacuviique
651 779 791 865 ejusdem
811 800 880 844 ease
901 779 1024 864 generis
1043 801 1115 844 oum
1130 779 1241 845 Satiris

58 859 133 925 Lucilii
146 877 174 926 et
187 861 317 939 Horatii,
340 865 425 949 quod
447 877 551 931 tamen
570 888 694 932 cumen
708 888 773 931 non
792 866 853 929 nisi
872 865 912 930 eb
930 864 1064 930 Horatio
1078 865 1120 929 ad
1134 888 1243 950 supre-

58 967 110 1009 um
123 946 263 1033 fastigium
284 950 468 1034 perdoctum
480 965 537 1018 est.
581 951 655 1017 Jarn
676 951 867 1017 adulterum
887 951 998 1015 Satine
1019 973 1130 1036 genus,
1154 952 1241 1036 quod

57 1034 123 1116 coepi
134 1035 352 1119 exponendum,
371 1039 456 1122 quod
471 1049 503 1104 et
517 1039 620 1124 ipsum
633 1059 675 1123 qu
718 1060 758 1102 ue
772 1039 813 1102 ab
828 1037 957 1121 antiquie
971 1038 1123 1122 originem
1138 1038 1240 1116 duxit,

58 1139 139 1201 empus
159 1135 203 1185 est
222 1122 384 1188 accedere:
409 1146 447 1190 ea
468 1135 517 1190 est
540 1147 611 1210 quae
632 1146 713 1209 appe
756 1136 808 1188 tur
830 1123 943 1188 Satira
971 1124 1169 1189 Varroniano
1191 1125 1240 1189 vel

57 1202 195 1292 Venppco,
216 1206 300 1292 quod
313 1211 432 1294 primus
446 1211 514 1297 ejus
528 1224 635 1276 auctor
649 1223 733 1276 esset
748 1208 849 1275 Varro
872 1208 1085 1275 Romanorum
1099 1211 1242 1276 doctissi-

57 1311 104 1366 oos,
122 1293 252 1394 quidque
273 1297 307 1359 in
320 1317 359 1361 eo
380 1318 475 1382 opere
497 1296 644 1383 Menippi
667 1296 884 1375 Gardnrensis,
908 1294 1094 1382 Philosophi
1118 1296 1241 1381 Cynici,

56 1398 122 1441 mres
133 1394 256 1445 1m1tatus
270 1394 363 1447 esset.

78 1461 131 1529 Nec
148 1465 211 1531 sola
229 1469 401 1533 carminum
421 1469 567 1534 varietate
588 1470 680 1534 mista
693 1480 742 1535 est
762 1469 824 1533 ista
846 1467 966 1534 Satira:
992 1490 1063 1533 nam
1086 1468 1188 1533 Varro
1209 1471 1240 1536 ei

56 1559 229 1635 utcrposuerat
250 1576 374 1638 prosam
392 1557 574 1632 orationem,
596 1556 772 1640 promiscuo
786 1555 879 1621 etiam
894 1577 955 1620 osu
969 1554 1073 1620 Graeci
1088 1568 1120 1621 et
1136 1554 1240 1623 Latini

56 1634 177 1704 amona
219 1638 432 1712 Quintilianus
446 1642 486 1707 de
503 1640 614 1707 Lucilii
630 1643 733 1708 Satiri
749 1641 872 1708 locutus
885 1641 982 1718 addit,
1004 1641 1147 1707 Alterron
1160 1643 1243 1708 illud

55 1730 114 1786 ’stet
167 1724 174 1739 '
219 1726 341 1791 Satiroe
378 1728 1240 1814 enusqaodmnsoltimconninumoorietotemistrmr

106 1810 112 1822 '
133 1812 140 1825 '
166 1812 328 1878 Terentius
378 1837 465 1893 ano,
490 1814 541 1879 oir
560 1813 775 1879 Ronaonorwn
795 1813 1047 1888 affluamus:
1067 1816 1156 1900 cujus
1178 1815 1240 1882 loci

55 1895 112 1960 uim
123 1896 272 1964 difficrrltas
286 1901 321 1966 in
334 1922 374 1966 eo
387 1903 490 1987 posita
502 1912 561 1979 est,
583 1901 671 1986 quid
684 1900 817 1966 affirmat
831 1898 1045 1973 Quintilianus
1060 1900 1141 1967 hano
1157 1901 1241 1967 Sati·

56 1979 306 2052 mvmooianam
328 1986 426 2052 lirisse
446 1989 592 2073 priorem.
638 1987 713 2060 Quo
732 1988 817 2052 enim
835 1998 927 2072 pacto
947 1983 1025 2051 illud
1044 1986 1111 2052 fieri
1126 1989 1239 2073 potuit,

54 2062 97 2130 tin
106 2081 180 2136 etate
191 2071 289 2138 multi>
304 2075 458 2158 posterior
473 2073 596 2140 Lucilio
609 2071 703 2139 fuerit
715 2072 839 2139 Varrol
883 2073 926 2138 At
941 2071 1074 2138 Satiram
1087 2072 1240 2139 Varronis

54 2172 148 2237 uapore
160 2159 288 2242 priorem
302 2160 410 2238 tuisse,
431 2183 470 2226 ea
484 2163 556 2226 verri
571 2182 633 2226 non
648 2172 697 2226 est
718 2158 906 2234 Quintiliani
931 2180 1030 2235 mens,
1054 2162 1169 2244 quippe
1183 2162 1239 2245 qui

54 2239 208 2341 robinsciret
226 2267 295 2311 eam
318 2246 424 2312 multis
438 2248 529 2311 annis
543 2246 640 2312 fuisse
660 2247 874 2312 recentiorem.
918 2244 958 2310 Id
972 2243 1081 2323 voluit,
1105 2247 1240 2347 satiram

53 2333 781 2518 tntltttnttttttttttffirt
794 2331 1239 2506 lllttlltltnllqt

53 2515 120 2564 uuas
130 2501 216 2569 coluit
229 2506 412 2571 severiores.

74 2582 145 2652 Nihil
155 2592 239 2656 nobis
252 2604 352 2657 restat
365 2589 459 2657 hodie
473 2613 514 2657 ex
530 2590 681 2657 Varronis
697 2591 818 2669 Satiris,
840 2604 953 2677 praeter
965 2588 1139 2676 fragmenta
1152 2615 1239 2677 quae·

53 2665 206 2770 ¹”tutaque
230 2680 398 2744 maximam
422 2678 456 2742 in
479 2691 598 2763 partem
620 2680 863 2763 corruptissima,
897 2675 1076 2762 titulosque,
1103 2701 1236 2763 quorum

53 2750 136 2824 imm
147 2775 212 2828 suot
224 2764 379 2865 duplices,
398 2764 453 2849 qui
474 2765 590 2831 indicio
609 2777 693 2842 sunt,
713 2778 830 2849 quanta
848 2775 933 2830 esset
950 2764 1081 2829 varietas
1094 2768 1238 2832 materia

54 2859 176 2998 unffi
189 2848 368 3022 {wolffo
382 2861 621 3014 ffijffiui
646 2936 687 3002 ‹le
712 2933 936 3002 Consolatione
962 2935 1175 3036 Philosophiae
1199 2936 1238 3003 li-

53 3010 129 3164 puls,
146 3031 173 3084 et
190 3020 332 3090 Petronii
413 3024 464 3089 itri
486 3023 650 3108 Satyricon
671 3035 746 3088 sunt
765 3022 875 3088 Satirae
892 3020 1094 3090 Varronianus
1108 3025 1238 3089 omnino

54 3117 141 3167 umes.

57 3182 232 3282 ‚Haechabui
254 3197 295 3263 de
319 3196 429 3261 Satiris
450 3196 484 3260 in
505 3217 619 3281 genere
639 3195 787 3262 dicenda:
811 3193 902 3278 plura
924 3196 957 3259 in
979 3194 1039 3262 hoo
1053 3209 1238 3281 argumento

53 3290 159 3343 tuerere
176 3304 400 3368 supervacuum
420 3296 511 3348 esset
558 3280 597 3347 ln
618 3282 701 3347 notis
723 3281 838 3346 nostris
859 3282 1050 3348 commodior
1070 3284 1131 3347 erit
1147 3281 1237 3348 locus

53 3353 242 3456 {pruinarum
270 3370 442 3435 Satirarum
471 3379 613 3434 naturam
639 3368 816 3434 enarrandi.
878 3367 1003 3433 Interea
1036 3366 1115 3433 illud
1142 3367 1235 3435 velim

54 3448 220 3521 unumst
239 3455 364 3533 Lector,
379 3454 525 3520 Latinum
541 3453 736 3521 Vocabulum
756 3453 878 3519 Satiroe
896 3467 960 3520 tam
979 3454 1142 3540 designare
1161 3455 1237 3520 Ser-

53 3547 122 3599 l0¹¹tt
150 3543 199 3624 qui
240 3544 385 3607 virmtem
421 3541 649 3619 commendent,
696 3539 791 3625 quim
836 3540 890 3625 qui
926 3540 1000 3606 vitia
1034 3542 1234 3607 insectentur.

53 3609 147 3687 >maim
158 3625 242 3692 aliter
255 3651 291 3695 se
305 3650 356 3693 res
370 3627 466 3693 habet
486 3628 519 3692 in
533 3626 643 3711 lingui
656 3624 777 3704 nostri,
798 3626 853 3690 ubi
867 3624 917 3691 rel
931 3648 1045 3692 nomen
1060 3628 1161 3713 ipsum
1176 3628 1234 3694 Se-

53 3722 88 3765 12
106 3720 238 3778 terrorem
261 3715 373 3780 incutit
395 3713 469 3794 illis,
491 3715 545 3798 qui
569 3711 773 3779 assimulant
796 3712 830 3777 id
853 3714 1031 3798 essequod
1053 3736 1117 3780 non
1140 3727 1235 3794 sunt;

53 3789 99 3868 pul
111 3814 160 3860 uos
177 3803 257 3866 enim
278 3800 385 3866 audito
406 3801 516 3866 Satirae
537 3801 663 3865 nomine
683 3798 856 3864 ωωὶοἰω»
875 3798 1068 3884 intelligitur.
1113 3799 1234 3868 Eadem

53 3893 115 3943 tmen
132 3886 287 3971 utrobique
309 3909 371 3953 vox
391 3900 449 3952 est
494 3886 559 3952 Sed
578 3885 683 3952 Latini
705 3885 889 3970 plerumque
910 3887 943 3950 in
964 3885 1115 3953 librorum
1135 3887 1234 3954 nnuc

53 3977 203 4045 munna
223 3976 308 4039 voca
328 3975 426 4059 ipsius
444 3985 598 4051 nammm,
620 3989 653 4038 et
676 3974 829 4056 integram
850 3971 1119 4057 significationem.
1138 3996 1234 4060 quam

53 4045 107 4146 abet
123 4074 159 4119 ex
176 4060 374 4146 etymologia,
395 4058 468 4125 crim
491 4058 577 4124 Galli
602 4060 770 4145 respiciant
791 4059 924 4142 primum
944 4072 977 4124 et
993 4058 1236 4145 frequentiorem

54 4152 98 4198 ³⁰1⁵
110 4160 204 4221 usum,
217 4146 340 4212 tributa
348 4148 413 4233 jam
427 4146 502 4212 inde
515 4146 556 4211 ab
570 4146 659 4211 initio
674 4145 810 4210 dicteriis
824 4159 856 4210 et
869 4147 1154 4212 obtrectationibus.

67 4218 217 4294 sortienda
236 4246 339 4299 autem
359 4231 601 4299 eavoxLatine
623 4229 779 4317 peruvel
801 4232 896 4316 peri,
920 4231 1042 4298 Gallice
1063 4232 1235 4318 perisin-

53 4302 98 4407 l²¹5
130 4312 475 4406 Quiperyaoipoemn
474 4318 797 4405 tiicumSeoligero
797 4317 1069 4397 ,Heiacinmul
1130 4315 1235 4384 ealiis

53 4392 208 4496 tdtdenmt,
229 4426 271 4470 ex
292 4405 482 4472 Numinibus
504 4404 654 4483 Rusticis,
676 4426 756 4490 quos
772 4404 876 4472 Graeci
898 4408 1074 4491 Σατύρους,
1098 4340 1237 4471 Vononi

54 4499 144 4562 Μ,
166 4494 393 4577 nuncupabant,
418 4493 545 4559 nomine
570 4492 653 4558 dicta
673 4492 771 4557 suisoe
792 4492 944 4577 nunnoni
969 4496 1126 4576 polimata,
1149 4488 1237 4569 tique

53 4582 89 4630 ἀῖ
101 4568 238 4658 Satyrus,
253 4578 375 4647 ductam
388 4601 496 4645 vocem
510 4577 653 4664 Satyra·
675 4581 750 4644 istas
770 4591 920 4662 praeterea
933 4577 1073 4660 Satyros
1086 4573 1239 4644 carmini.
