3059 4984
306 270 368 336 1OE
691 269 735 343 Q.
759 266 959 334 HORATIl
984 266 1145 334 FLACCI

304 407 339 456 Αι
353 407 422 455 velox
436 405 568 454 umam
585 407 721 453 “miun-
734 404 799 470 Sed
814 426 863 470 me
877 427 933 490 per
948 405 1054 471 hostes
1070 404 1248 471 Mercurius
1260 404 1351 472 celer

303 471 722 601 Qafflffmfffffl
734 490 847 556 Denso
861 505 1024 576 paventem
1039 491 1165 558 sustulit
1178 497 1271 558 aere:

304 611 374 650 aaa·
397 602 504 657 meruit,
530 602 664 661 iterumque
691 603 722 650 aa
777 577 826 643 Te
840 600 949 644 rursus
964 581 997 643 in
1012 577 1127 644 bellum
1141 580 1308 644 resorbens

304 669 415 716 mutuam
446 666 552 713 ‘stimi
607 666 721 713 muttum
820 662 917 730 Unda
931 665 1018 731 fretis
1034 665 1104 730 tulit
1117 667 1269 730 aesmosia.

304 731 576 858 {ffip‘ffffiffl
597 732 721 856 fflffl
734 749 821 835 Ergo
836 749 1004 836 obligatam
1019 751 1114 817 redde
1129 750 1149 816 J
1154 753 1203 816 ovi
1219 752 1332 836 dapem
1345 777 1355 828 3

303 862 366 910 aeuo
387 862 476 908 mun·
500 862 544 908 iub
566 863 620 908 mea
641 862 721 916 uma,
735 835 909 921 Longaque
922 837 1037 903 sessum
1053 836 1164 902 militiis
1178 836 1259 902 latua

303 941 382 988 neque
393 926 462 974 ‘¹⁰¹5'
478 926 569 973 meane
584 926 626 973 fibi
642 941 721 1003 “ru-
778 921 829 988 De
873 946 912 988 ne
927 925 985 988 sub
1001 923 1090 989 lauru
1105 922 1185 1000 mei,
1202 946 1260 989 nec

305 992 344 1039 ὼ
378 992 453 1038 “¹¹¹⁸
469 1006 524 1038 '⁸⁸⁸
540 993 605 1053 “l'‘
620 992 722 1040 umnec
850 1032 920 1075 arce
934 1010 1019 1075 cadis
1033 1011 1089 1074 tibi
1104 1011 1274 1076 destinatis.

735 1094 901 1161 Oblirioso
914 1095 1004 1161 laevia
1020 1095 1159 1162 Massico

794 1258 1061 1306 aanortrtou'us,

337 1378 462 1426 Proeabss‘l
475 1378 579 1434 moriem,
593 1383 617 1424 et
630 1378 720 1423 leem
732 1375 802 1423 ml
810 1389 849 1421 ore
859 1390 906 1421 sso-
973 1372 1010 1428 17.
1028 1374 1224 1436 Ergoobligatass
1235 1373 1367 1420 reddelosi
1378 1374 1432 1432 desp

402 1445 491 1490 reordit.
938 1438 1099 1485 incolumitate
1116 1439 1160 1484 ista
1171 1440 1213 1483 tui
1229 1447 1283 1498 post
1293 1447 1329 1483 tot
1345 1438 1431 1483 labore

306 1509 369 1557 lits.
380 1508 437 1557 689.
448 1508 505 1554 ibid.
939 1504 1000 1558 cula,
1009 1512 1042 1559 tu,
1053 1504 1121 1559 Vare,
1132 1512 1211 1562 mutes
1221 1503 1272 1548 Diis
1282 1502 1402 1564 persolve,
1413 1503 1432 1547 sa

337 1575 461 1636 Sanguinis
470 1574 510 1619 ille
520 1586 608 1618 sameas
617 1573 678 1617 risos
688 1571 759 1625 mais,
774 1576 843 1631 atque
853 1585 906 1616 cra·
940 1569 993 1615 lovi
1005 1569 1131 1624 servatori,
1143 1568 1242 1628 Dapali;
1254 1568 1283 1614 de
1295 1583 1344 1626 quo
1357 1567 1392 1613 Μ.
1404 1569 1432 1613 Cr

401 1645 476 1684 mars
942 1635 1010 1679 linat.
1022 1649 1072 1696 cap.
1083 1634 1137 1681 lea.
1161 1635 1292 1695 Obligolars
1303 1634 1397 1693 dapem,
1408 1648 1432 1678 sa

338 1703 433 1750 Mandit
442 1704 539 1756 lamas,
549 1702 688 1762 masque
698 1716 739 1747 sao
748 1715 772 1747 se
783 1702 807 1746 ia
817 1701 908 1746 valane
940 1698 1002 1745 inter
1012 1699 1147 1745 discrimina
1164 1698 1306 1759 promissam
1316 1713 1345 1743 ac
1356 1708 1432 1743 rotun

401 1773 484 1814 meat.
940 1764 994 1824 peio
1015 1764 1084 1821 Varo,
1111 1763 1260 1824 interpretari
1288 1763 1352 1818 iicet,
1374 1777 1407 1809 ex

339 1831 377 1879 la
394 1833 441 1879 Sea
449 1848 484 1879 rae
493 1847 537 1892 per
547 1832 620 1877 bosus
629 1830 759 1876 Mercurius
771 1831 838 1885 celer,
854 1826 907 1892 dm]
940 1829 980 1874 lib.
992 1827 1015 1883 7.

306 1897 411 1958 Hetspb.
429 1898 491 1943 Turn
502 1900 557 1943 verb
567 1895 619 1941 suso
634 1895 738 1941 exercitu
752 1904 840 1950 nostro,
856 1895 907 1940 sur·
974 1893 1011 1940 lt.
1029 1894 1152 1955 Leagdqse
1160 1889 1249 1953 sessum
1263 1889 1370 1953 sallitid]
1403 1893 1429 1938 M

305 1963 348 2009 tim
362 1977 400 2009 me
416 1962 530 2024 proripui,
546 1975 574 2007 ac
584 1961 690 2007 celeriter
701 1959 759 2020 iugi,
770 1960 830 2006 duce
842 1960 906 2005 Mer·
938 1958 998 2018 glori
1010 1963 1082 2019 quim
1093 1973 1153 2014 mes,
1169 1958 1246 2018 inquit
1259 1958 1388 2010 Horatium
1407 1973 1432 2003 nt

304 2028 377 2084 curio,
408 2028 433 2074 ui
450 2028 526 2074 alatus
536 2027 634 2086 fingitur
646 2033 671 2072 et
681 2025 738 2071 lusti
750 2026 822 2072 Deus
856 2025 908 2071 Ode
940 2023 1021 2070 Cassio
1031 2031 1055 2069 et
1067 2024 1148 2078 Bruto,
1159 2024 1246 2069 deinde
1256 2025 1299 2069 sub
1312 2025 1386 2068 Serto
1399 2023 1432 2068 Po

307 2092 344 2141 10.
357 2093 378 2140 1.
390 2043 411 2140 i.
427 2093 453 2139 in
469 2093 540 2153 hujus
550 2092 621 2138 etiam
632 2091 706 2137 tuteli
719 2099 775 2136 sunt
786 2090 855 2144 docti,
866 2089 907 2150 qui
941 2088 1028 2144 Sicilii,
1041 2096 1066 2134 ut
1076 2089 1165 2134 dictum
1177 2096 1219 2134 est.
1243 2089 1307 2148 Ergo
1315 2097 1351 2133 tot
1360 2103 1432 2132 erun

304 2158 392 2205 idcireo
402 2158 553 2205 Mercuriales
563 2162 676 2202 vocantur
683 2156 735 2201 Ode
748 2154 785 2209 l7.
797 2154 850 2200 libri
861 2155 906 2200 ltu-
940 2154 1066 2199 exhaustas
1073 2168 1159 2208 recrea,
1167 2153 1262 2213 epulare
1269 2168 1370 2209 mecum,
1378 2154 1432 2212 qui‹

301 2225 349 2284 jus.
374 2224 498 2283 ingeniose
509 2224 579 2281 porrb
590 2235 639 2266 sose
649 2219 712 2277 fugae
723 2220 828 2278 alioquin
839 2220 907 2265 inde·
940 2233 994 2270 met
1017 2221 1059 2264 sab
1078 2220 1145 2264 laura
1165 2223 1215 2264 meet
1233 2227 1315 2270 tutusz
1338 2218 1431 2278 petroci

305 2302 366 2335 corae
378 2302 406 2333 sc
420 2287 483 2346 turpi
499 2287 600 2332 colorem
611 2286 652 2330 dat
665 2284 784 2338 Horatius,
802 2286 907 2330 subtrae-
941 2284 1048 2338 conlisus,
1065 2284 1171 2342 adeoque
1187 2284 1250 2330 omni
1262 2284 1369 2344 depositi
1387 2284 1432 2328 soli

304 2359 356 2398 tum
373 2365 398 2398 se
409 2349 546 2405 discrimini,
563 2356 741 2410 protectumque
759 2353 774 2394 d
790 2349 908 2395 Mercurio
941 2349 1045 2409 Spondet
1062 2363 1147 2409 nempe
1158 2348 1220 2394 Varo
1240 2349 1352 2395 Horatius
1368 2348 1431 2394 sorta

306 2416 401 2462 dicens:
419 2415 444 2460 id
455 2428 539 2474 nempe
550 2414 641 2473 tingens
652 2412 695 2458 sibi
708 2413 827 2468 accidisse,
843 2414 906 2472 quod
941 2413 997 2459 dum
1015 2413 1118 2474 perfecte
1135 2416 1165 2460 ab
1177 2415 1284 2473 Augtnto
1299 2414 1394 2459 veniam
1413 2429 1432 2459 cs

305 2481 400 2527 Priamo
410 2479 491 2525 scribit
503 2479 627 2524 Homerus.
662 2477 723 2522 Vide
735 2479 821 2523 Annot
833 2478 873 2524 lib.
885 2477 907 2524 l.
941 2478 1044 2524 savorem
1056 2478 1199 2534 Maecenatis,
1216 2493 1258 2538 per
1273 2493 1345 2538 quem
1363 2479 1416 2539 ipse

306 2546 358 2592 Ode
370 2544 407 2591 lu.
417 2558 438 2588 v.
450 2543 487 2590 14.
497 2543 607 2602 quodque
617 2542 710 2594 Paridis
722 2543 774 2588 Ode
784 2542 821 2588 to.
833 2543 874 2588 lib.
884 2542 905 2589 1.
939 2543 1027 2590 victore
1048 2544 1175 2589 metuendo
1198 2545 1249 2603 Jam
1272 2544 1432 2590 reconciliant

306 2611 368 2657 Item
381 2608 484 2662 Hectori,
501 2621 573 2668 quem
584 2607 669 2667 Apollo
679 2606 729 2667 pari
748 2608 819 2653 modo
830 2616 908 2654 servat
941 2608 1076 2654 cumcuim
1093 2609 1261 2669 proscriptione
1277 2610 1402 2664 bonorum,
1421 2625 1432 2654 c

304 2671 361 2735 sirpe
372 2671 458 2736 πολλῆ
473 2673 540 2719 iliad.
553 2672 591 2719 20.
626 2672 664 2718 Sic
675 2680 699 2717 et
710 2671 793 2732 virgil.
806 2673 907 2718 AEneam
940 2682 1018 2733 partes
1029 2674 1138 2719 adversas
1147 2673 1240 2728 secutis,
1251 2674 1377 2719 mulctatus
1388 2690 1432 2719 ess«

305 2743 320 2785 1
329 2739 441 2799 Neptuno
450 2740 479 2783 de
487 2737 586 2783 Achillis
597 2736 706 2783 manibus
717 2747 824 2798 ereptum
836 2738 906 2784 indu·
940 2751 1020 2783 rerum
1030 2747 1124 2784 coactus
1132 2746 1167 2784 est
1174 2737 1281 2784 faciendo
1289 2754 1370 2784 versus
1379 2740 1432 2784 rico

305 2804 345 2860 cit,
355 2803 449 2851 AEneid.
461 2804 484 2849 b.
496 2817 517 2848 v.
528 2802 583 2851 utu.
940 2802 1018 2849 ritare.
1053 2804 1123 2854 Quod
1135 2803 1167 2848 ita
1178 2812 1258 2850 namt
1270 2803 1344 2864 Epist.
1356 2805 1379 2850 2.
1392 2806 1416 2850 2.
1428 2827 1432 2839 ι

473 2901 592 2916 ........
598 2868 685 2915 Pelides
696 2873 749 2913 luae
759 2883 801 2928 ego
804 2866 866 2928 forts
977 2869 1042 2914 Unde
1052 2870 1120 2915 simal
1127 2870 1226 2928 primalis
1236 2884 1271 2915 me
1281 2871 1386 2915 dimisere
1394 2870 1431 2915 Pa

307 2935 454 2996 congressam
462 2934 567 2990 AEaeass,
575 2948 617 2980 aec
624 2934 677 2989 diis,
685 2940 727 2980 aec
734 2935 820 2980 vietus
828 2936 907 2995 eqas‘s,
972 2933 1062 2979 Deeisis
1072 2935 1176 2980 hamilear
1184 2936 1272 2994 penaria
1281 2937 1411 2995 inopemque
1417 2951 1432 2994 p

305 3001 374 3047 Nube
385 3003 441 3047 caud
451 3002 533 3060 eripui.
972 2997 1005 3044 Et
1015 2999 1072 3044 iaris
1082 2995 1189 3059 elfredi,
1197 3005 1322 3059 paupertas
1331 3001 1421 3059 impulit

340 3064 377 3111 la
395 3066 471 3111 Denso
485 3060 558 3124 aira]
592 3063 670 3117 Nube,
683 3063 731 3121 qui
744 3063 855 3108 densatus
872 3069 908 3109 est
977 3064 1008 3109 Ut
1018 3061 1208 3124 versassaeerem.

305 3131 353 3177 s'e'r.
373 3130 469 3176 Homer.
488 3129 555 3174 iliad.
574 3127 596 3173 H
614 3127 645 3173 de
662 3127 745 3173 Paride
766 3129 796 3173 ab
817 3127 906 3187 impetu
941 3126 1024 3187 ltaque
1036 3128 1171 3175 Maecenatis
1184 3128 1288 3189 primum
1299 3128 1431 3174 animumd

307 3194 410 3242 Menelai
424 3209 467 3255 per
478 3194 594 3239 Venerem
604 3199 727 3251 exempto:
744 3190 792 3238 τὸν
803 3186 824 3236 δ’
835 3189 907 3254 ilipa
940 3206 1030 3253 perque
1043 3193 1106 3239 bunc
1120 3193 1221 3253 Augusti
1235 3195 1326 3254 placare
1341 3194 1401 3239 iram
1416 3211 1432 3247 a

306 3255 367 3312 aa?
375 3254 519 3320 Ἀφροδίτη,
530 3252 641 3317 ἐκάλυψε
651 3251 672 3301 d'
682 3250 723 3316 ἄρ’
733 3251 786 3318 irps
797 3254 890 3318 πολλῇ.
941 3265 990 3303 est:
1002 3265 1026 3304 et
1036 3257 1100 3317 quod
1114 3258 1194 3304 scribit
1206 3259 1236 3304 ad
1248 3259 1342 3305 Pisones
1353 3274 1375 3304 v.
1386 3260 1432 3306 404

340 3325 378 3372 lt.
399 3325 430 3371 Te
440 3340 520 3371 rursus
530 3325 554 3369 ia
566 3323 645 3369 bellam
655 3323 779 3376 resorbeas,
790 3318 842 3384 lfa]
868 3323 908 3369 Me
940 3336 1012 3381 quam
1023 3323 1069 3368 alio
1079 3322 1112 3368 ibi
1123 3324 1255 3383 proposito:

306 3390 402 3448 quidem
415 3390 540 3436 Horatium
550 3395 674 3449 paventem
687 3387 819 3432 Mercurius
833 3387 907 3433 subli·
1204 3422 1225 3435 ..
1236 3389 1346 3435 ..Gratia
1356 3405 1432 3450 regern

306 3468 369 3500 mern
377 3455 462 3515 rapuit,
473 3470 501 3501 ac
511 3452 720 3514 nebuliprotexit:
732 3460 755 3498 te
765 3454 827 3506 vero,
837 3452 906 3498 Pom·
972 3452 1058 3498 Pieriis
1069 3459 1157 3499 testata
1169 3456 1255 3500 modu:
1270 3455 1377 3516 lsdssqae
1387 3471 1432 3515 rep·

306 3518 353 3577 pei,
365 3519 449 3565 Martis
459 3520 529 3565 ardor
537 3520 561 3564 in
574 3533 635 3564 nora
644 3518 749 3579 pericula
759 3517 865 3577 conjecit,
880 3532 907 3563 ac
973 3517 1005 3562 Et
1015 3518 1130 3577 longorum
1140 3520 1297 3578 matjau.

306 3583 478 3629 recrudescenti
492 3584 553 3629 bello
568 3583 691 3644 implicuit,
704 3597 797 3643 semper
807 3583 907 3643 intrepi·
941 3581 1095 3628 Maecenatem
1102 3591 1181 3629 autem
1192 3591 1311 3644 pomntem
1319 3583 1432 3630 suisseeti

307 3646 906 3708 dumacpublicoelibertatispertinaciterrindicem.
940 3646 1033 3692 laurum
1044 3649 1074 3692 ad
1085 3648 1239 3694 avertendum
1251 3649 1348 3708 Augusti
1360 3649 1430 3695 fnlme

340 3711 466 3758 Remum
480 3712 548 3758 Uada
555 3708 628 3771 fretis
638 3714 693 3758 tata
701 3710 824 3774 astatoria]
843 3713 909 3759 Sicut
940 3724 970 3757 ex
979 3710 1102 3772 Xipbilino
1113 3713 1151 3758 cit.
1163 3713 1204 3772 qui
1216 3714 1239 3758 in
1252 3714 1356 3773 Augusto
1366 3715 1432 3760 scribi

306 3774 332 3820 in
341 3773 406 3821 iretis
417 3776 523 3822 aestuosis
530 3776 595 3821 unda
605 3777 716 3822 recedens
724 3777 858 3836 iterumque
869 3791 907 3824 sc·
940 3779 1015 3822 cenati
1035 3783 1122 3824 tantan
1143 3780 1159 3824 d
1180 3780 1270 3825 cesare
1289 3780 1383 3825 delatore
1400 3797 1432 3839 po

307 3840 432 3886 cedensea
447 3843 559 3894 resorbet,
570 3853 623 3898 que
634 3848 777 3893 evomuerat,
795 3855 822 3887 ac
833 3842 857 3887 in
869 3843 908 3889 lit·
940 3843 964 3886 in
975 3843 1042 3888 redas
1052 3844 1159 3896 mnibus,
1177 3850 1203 3888 ut
1216 3845 1296 3890 literas
1304 3860 1432 3906 quaecunqe«

307 3913 358 3951 tore
369 3904 509 3963 reliquerat:
526 3904 560 3949 sic
570 3903 666 3960 bellum,
677 3904 742 3952 caesis
754 3905 835 3952 Cassio
846 3906 907 3952 Bru-
940 3912 1019 3952 amasa
1033 3908 1070 3952 sel
1083 3909 1115 3953 ad
1130 3909 1187 3954 alios
1205 3911 1311 3965 maeres,
1326 3911 1372 3969 ipse
1382 3914 1432 3969 prii

307 3977 386 4029 toque,
397 3969 464 4028 quasi
475 3968 624 4030 profligatum
633 3971 733 4029 ejecerat
740 3977 771 4024 te,
781 3970 850 4026 Vare,
861 3986 908 4018 non
937 3978 1014 4031 posset
1024 3978 1047 4016 et
1058 3987 1086 4018 es
1097 3973 1130 4018 eis
1140 3988 1191 4033 qua
1201 3974 1268 4020 vellet
1282 3976 1399 4020 immtme.

307 4037 374 4081 secus
392 4049 419 4080 ac
435 4047 481 4089 me,
498 4041 523 4080 et
539 4033 610 4080 modb
626 4048 674 4079 non
691 4033 791 4080 liberum
809 4034 907 4081 iecerat:
941 4043 993 4081 tea:
1012 4038 1099 4082 Caesari
1109 4037 1256 4085 Maecenatem
1269 4036 1374 4099 pressim
1387 4047 1431 4085 tam

307 4101 389 4145 serum
406 4099 559 4144 exardescens
576 4103 645 4158 porro
661 4099 776 4144 tumultus
792 4099 866 4146 civilis
883 4102 909 4147 in
940 4102 965 4146 ia
981 4102 1054 4154 rebus,
1071 4108 1118 4147 tuas
1129 4106 1278 4165 oerdqaots'es
1290 4105 1429 4151 mismeaties

307 4170 413 4212 armate
429 4177 510 4208 rursus
527 4163 636 4223 abripuit.
671 4163 715 4210 His
728 4164 821 4210 Horatii
833 4166 909 4212 verbis
942 4166 1016 4219 lotar,
1026 4168 1086 4227 qaid
1095 4165 1213 4227 ejasirerss
1223 4170 1333 4215 leaebm:
1343 4173 1428 4230 etquid

308 4243 355 4276 non
366 4231 407 4276 abs
421 4242 446 4274 re
457 4228 539 4273 volunt
549 4228 645 4287 qnidam
662 4229 735 4274 alludi
752 4230 783 4274 ad
801 4230 908 4289 praelium
941 4237 975 4276 tos
984 4231 1070 4291 alioqui
1080 4234 1157 4278 mortis
1167 4234 1270 4280 dictares
1280 4237 1432 4289 serendarum

309 4294 374 4342 Sexti
392 4292 497 4353 Pompeii
518 4293 544 4337 in
563 4292 641 4338 Siculo
661 4292 721 4338 freto
740 4294 907 4340 commissum:
940 4302 993 4340 sate
1000 4303 1116 4354 correptus
1126 4300 1213 4344 nemim
1223 4301 1431 4359 mpisomadeanm

307 4361 414 4419 sdebque
425 4358 455 4403 ad
466 4357 532 4402 illum
543 4370 597 4401 cum
608 4357 660 4402 aliis
670 4358 758 4402 Varum
770 4358 908 4415 confugisse,
940 4362 1072 4413 sarreaerit,
1084 4361 1122 4422 lqc.

307 4434 361 4487 post
373 4425 463 4471 cladem
474 4420 626 4468 Bmtisnmn:
643 4422 706 4468 unde
721 4423 817 4468 tandem
831 4424 909 4469 salvus
973 4424 1012 4470 al.
1031 4426 1142 4472 Oilicioso
1159 4428 1225 4473 heia
1239 4428 1333 4475 Massico
1343 4429 1428 4477 Cibaria

308 4489 348 4537 ille
360 4490 460 4537 Romam
473 4486 577 4540 redierit,
593 4494 618 4532 et
628 4487 735 4548 Augusto
746 4487 908 4534 reconciliatus
942 4488 1018 4546 Largi
1029 4497 1084 4549 pota
1093 4491 1174 4536 sinum
1186 4496 1199 4539 e
1211 4494 1335 4553 Campanii
1349 4496 1432 4542 meliori

309 4555 346 4601 sit.
385 4556 466 4602 AEstus
486 4553 537 4599 iilos
559 4552 662 4597 marinos
682 4552 777 4612 egregie
799 4552 909 4599 describit
940 4554 1003 4612 quod
1012 4554 1115 4601 oblivisci
1124 4556 1194 4602 iaciat
1202 4572 1316 4605 erumnas
1323 4559 1432 4620 priores,o

309 4620 392 4679 Virgil.
405 4619 499 4667 AEneid.
512 4617 549 4666 ll.
562 4631 582 4662 r.
594 4615 650 4663 sat.
941 4633 987 4676 que
998 4619 1083 4664 mentis
1092 4621 1256 4678 aegritudinem
1263 4624 1372 4683 detergeat
1380 4629 1431 4673 etdi
