3059 4984
357 254 628 323 SATIRARUM
652 255 796 324 LIBER
819 259 848 324 l.
874 259 923 325 10.
1189 263 1262 329 889»

57 389 245 477 llemogenes
259 414 394 478 uuquam
407 394 492 479 legit,
506 416 608 479 neque
623 395 729 461 simius
743 396 814 475 iste,
840 397 927 443 “⁰¹2²
940 406 982 445 ⁸¹1¹
995 399 1070 447 aeuus
1082 399 1252 462 Hermonem,

57 478 97 542 lii
114 492 218 563 prater
243 478 373 545 Calvum
393 491 425 546 et
445 482 554 546 doctus
575 492 699 547 cantare
721 462 1113 577 Cauil-gffiffimcffffflff
1122 467 1250 580 {wig

157 564 227 631 lum.
788 570 950 640 i9stenm
964 595 1253 645 murmuramus

57 655 84 716 lt
94 674 228 737 magnum
242 651 323 730 iecit,
338 652 424 736 qudd
438 654 540 718 verbis
556 653 668 719 Graeca
683 653 802 720 Latinis
838 658 954 734 prmissa
972 661 1043 736 ‘quaa
1063 662 1157 708 orem
1173 678 1250 740 1909·

57 737 166 803 iiisruit.
211 739 317 804 Oseri
334 741 522 805 studiorum!
539 740 632 825 quine
648 741 762 824 putetis
838 722 930 834 &23:¹¹⁸
947 727 1249 838 fflessffiw

57 823 164 889 Difficile
177 837 207 889 ct
221 827 331 890 mirum
347 824 473 891 Rhodio
488 828 572 911 qnod
588 825 778 892 Pitholeonti
838 853 912 898 nuum
929 805 1100 901 eniminum
1117 857 1180 915 quod
1195 857 1251 904 tecit

57 909 185 996 lontigiti
216 911 260 975 At
274 934 374 977 sermo
389 911 496 998 linguai
510 916 680 979 concinnus
695 915 826 997 utrique
839 917 961 965 uuolton
981 919 1105 966 nannum
1139 923 1194 977 sea
1212 925 1249 969 a·

57 997 174 1062 iustior:
190 1009 224 1062 ut
238 997 319 1064 Chio
334 1010 409 1064 nota
419 1000 446 1063 si
459 1000 620 1065 commista
630 998 756 1064 Falerni
770 1012 826 1065 est.
837 983 1250 1105 ffiffimfflffiffi‘

57 1081 113 1147 ltin
126 1105 224 1148 versus
245 1083 351 1163 facias,
372 1087 505 1170 teipsum
524 1097 699 1170 percontor,
720 1108 773 1167 an,
795 1100 827 1150 et
838 1127 895 1158 num
907 1114 1033 1160 salemum
1043 1114 1170 1163 misceatur
1181 1117 1250 1164 cata

153 1168 221 1234 cfim
783 1174 826 1236 25
841 1178 924 1224 Verria
934 1180 1045 1227 enisam
1058 1181 1250 1241 quandoquidem

57 1253 184 1320 Duratibi
236 1255 375 1340 ragenda
388 1256 434 1321 rei
448 1257 489 1322 sit
502 1279 596 1322 causa
610 1256 727 1335 Petilli,
837 1242 1250 1359 ffifflffifflemffi

57 1340 150 1407 lcilicet
163 1342 201 1407 ob
213 1344 275 1407 itus
289 1343 458 1427 patrioeque
472 1345 629 1428 patrisque
645 1344 759 1421 Latini,
837 1386 908 1418 aaa
928 1373 1015 1420 reum
1036 1375 1147 1430 saman,
1169 1379 1249 1423 unum

57 1425 112 1491 lin
125 1427 235 1493 Pedius
249 1450 360 1494 causas
375 1430 507 1494 exsudet
522 1430 691 1515 Poplicola,
707 1442 801 1516 atque
836 1436 1045 1513 patrie'videlieet
1061 1447 1086 1486 et
1103 1440 1182 1487 Latini
1206 1457 1249 1502 es·

57 1512 185 1633 ipninus,
200 1516 308 1600 patriis
323 1516 531 1582 intermiscere
546 1518 642 1600 petita
836 1510 1248 1631 {i‘gnioffimffissuffffifflj

837 1645 942 1689 miscere,

505 1743 772 1792 ANNOTATIONES.

57 1861 90 1917 pti
98 1859 228 1916 ailrieabmt,
238 1857 395 1908 acrimoniam
404 1859 459 1920 styli
469 1860 540 1907 modo
550 1873 617 1907 exer-
683 1860 770 1923 Χαῖρε,
785 1864 885 1923 inquom,
896 1863 976 1911 Tite..
987 1897 1009 1911 ..
1020 1866 1128 1928 ..χαίρι,
1139 1865 1179 1928 isc
1213 1868 1250 1913 De

57 1933 115 1979 antea,
121 1925 231 1972 interdurn
237 1924 412 1982 eonibenteaet
419 1926 524 1972 consulti
530 1925 619 1973 viribus
652 1924 729 1973 Finib.
740 1927 762 1972 2.
775 1940 799 1972 n.
811 1927 850 1974 at.

57 1999 151 2044 mantes,
162 1991 202 2037 dre.
687 1992 831 2039 ....Laelia'
842 1993 1185 2054 clamorerroplsurilleaolebst

75 2052 103 2099 lu
116 2053 280 2118 Hermogenen]
318 2055 439 2116 Tigellius,
461 2069 515 2102 acer
533 2055 619 2102 Lucilii
682 2055 767 2112 Edere,
780 2057 820 2118 dyc.

57 2117 200 2181 iurandaque
211 2124 259 2168 Sat.
271 2122 297 2168 3.
308 2122 408 2182 praced.
651 2120 723 2181 Apud
734 2121 796 2167 Non.
806 2122 911 2169 Marcell.
920 2122 945 2169 in
955 2138 1010 2170 vooe
1020 2139 1161 2184 contperncr:
1173 2124 1249 2171 Lucil.

73 2185 140 2232 laist
148 2183 208 2247 itta]
227 2187 364 2233 Demetrius
373 2186 442 2248 poita
452 2192 476 2231 at
486 2184 618 2231 fabularum
651 2186 698 2231 Sat.
713 2186 734 2231 l.
746 2185 771 2233 ³.

57 2257 102 2302 utor,
111 2251 136 2296 de
145 2267 188 2310 qno
198 2253 268 2312 paulo
280 2253 349 2313 post:
365 2254 452 2305 rimisa,
468 2264 564 2309 corpore
574 2252 617 2297 de·
682 2251 752 2298 Nunc
761 2267 838 2299 censer
852 2248 1065 2316 καλλιπλόκαμον
1076 2250 1250 2318 καλλίσφυρον

57 2312 121 2369 'orinia
130 2318 162 2363 rel
172 2317 265 2377 ineptus
276 2326 304 2363 et
313 2317 415 2363 insulsus
426 2315 536 2361 imitator.
750 2317 817 2363 llam.

76 2378 103 2425 ta
116 2382 242 2442 Nilpraeter
254 2384 359 2436 Caluam,
370 2378 423 2444 dra]
458 2381 563 2440 Uterque
578 2379 619 2427 ille

57 2456 81 2486 tos
93 2450 169 2492 tantam
182 2449 262 2508 poitas
278 2447 395 2493 amatoria
410 2445 566 2505 scriptitantes
583 2446 617 2491 ie·
683 2447 829 2507 Cosrtpcrnesa
845 2455 886 2494 cat
902 2462 981 2494 aarum
991 2445 1066 2510 fairra
1077 2449 1250 2511 Amphitryonis

57 2510 107 2564 nbat,
115 2527 226 2572 nunquam
235 2516 294 2559 vero
305 2513 403 2559 eximios
414 2512 465 2556 iilos
476 2510 561 2556 veteris
571 2511 618 2556 Co·
746 2509 852 2569 ἄκοιτιν,

57 2575 145 2622 radiare
151 2578 306 2638 perlectorum
313 2579 383 2638 hujus
390 2575 619 2636 generiscarminum
682 2577 821 2624 Alcmenam.

57 2639 151 2698 triptorea
172 2644 209 2689 Sic
221 2643 337 2690 Horatius
349 2643 523 2701 Hermogenem
534 2649 557 2686 et
569 2641 617 2687 De·
682 2641 756 2703 Tqui
765 2637 938 2705 εὐπατέρειαν,
947 2644 990 2689 &a

57 2705 617 2768 artuumimperitioenotatpariteratqueluxuria:
682 2705 721 2751 21.
740 2707 760 2752 0
779 2704 998 2768 saturnaliorum]
1031 2702 1187 2770 Ὀψιμαθεῖς,
1207 2710 1248 2770 qui

57 2769 128 2828 timue
133 2776 208 2832 probat
215 2775 301 2820 Satira)
309 2788 374 2819 veras
381 2773 500 2831 ignorfisse
507 2770 617 2826 virtutem
649 2774 701 2816 sero
710 2771 815 2816 animum
824 2773 855 2817 ad
861 2772 940 2817 studia
947 2772 1096 2832 appulerunt,
1103 2774 1249 2834 proindeque

57 2833 118 2880 thina
125 2836 170 2884 illos
180 2854 228 2885 erse
239 2840 336 2900 ineptos
346 2837 498 2884 admiratores
508 2836 600 2883 Lucilii.
649 2834 728 2880 minus
747 2835 847 2881 eruditi:
866 2840 947 2882 contra
967 2831 1139 2898 παιδομαθεῖς,
1158 2839 1199 2898 qui
1218 2843 1248 2885 ab

75 2899 166 2964 Cain]
198 2905 250 2951 Cor.
264 2903 373 2950 Licinius
384 2901 505 2948 Caluusiu
521 2903 618 2961 polima-
649 2899 701 2960 ipsi
712 2901 814 2960 pueritia
824 2900 898 2947 literis
909 2901 1074 2947 incubuerunt.

59 2961 98 3008 iun
106 2968 217 3016 uniendis
232 2970 381 3031 perelegans,
398 2966 494 3027 ingenio
506 2966 584 3027 lepido
594 2975 619 3013 et
685 2963 875 3026 altrepiam]
910 2967 947 3012 at
966 2967 1053 3016 Quive:
1071 2982 1123 3025 qua
1134 2967 1249 3027 particula

57 3028 310 3095 rimarentullipoitar
320 3032 471 3080 amirassuit
499 3032 582 3078 Cicero
593 3032 618 3079 iu
649 3031 775 3091 respondet
787 3033 874 3078 Graecae
886 3046 914 3093 γε
925 3033 1011 3092 atique,
1019 3034 1151 3078 certimec
1160 3033 1249 3079 redun-

57 3091 110 3151 ipist
116 3111 159 3143 eum
166 3100 250 3156 iaudat,
259 3100 343 3158 aitque
351 3097 461 3144 iambicis
468 3097 617 3157 praestitisse5
650 3096 706 3143 dare
717 3105 753 3143 est
763 3096 927 3143 existimanda.
944 3096 1055 3142 Priscian.
1067 3098 1081 3142 1.
1096 3096 1132 3143 16.
1144 3113 1163 3144 c
1178 3097 1198 3144 l.

57 3158 213 3213 {tilmannus
227 3165 304 3211 etiarn
319 3163 446 3223 Principes,
462 3163 489 3208 C.
502 3163 618 3208 Caesarem
682 3161 721 3207 22.
746 3159 905 3223 Pitholeonti]
956 3161 1086 3217 Pitholeon,
1114 3177 1144 3208 ex
1171 3163 1249 3209 insuta

57 3222 196 3288 tamaium,
212 3230 329 3277 acerrime
344 3227 453 3274 insectari
463 3226 561 3273 nursinae
573 3228 619 3273 du·
649 3225 743 3280 Rhodo,
753 3227 930 3287 Epigrammata
938 3227 1046 3285 quaedam
1057 3227 1145 3273 insulsa
1153 3242 1247 3289 compo-

57 3287 118 3336 aunt
145 3295 239 3344 Quintil.
257 3304 284 3341 et
296 3295 386 3340 Seneca
402 3293 501 3339 Calvum
512 3291 618 3338 scribunt
649 3291 1174 3344 snit;etGraecisrocibnsinlercireamavit.

57 3358 226 3406 munditiarum
246 3362 280 3407 M.
295 3359 374 3405 Tullio
384 3359 414 3404 de
424 3357 557 3418 principatu
567 3358 617 3404 elo·
681 3356 721 3402 24.
743 3353 1001 3416 UtClsiorrotosi,dc.]
1031 3357 1157 3403 Falernum
1167 3357 1247 3403 vinum

57 3421 134 3473 luenda.
149 3425 305 3472 Peractinit.
318 3425 415 3482 Gregor.
428 3423 525 3482 Gyraid
538 3425 580 3468 dic.
649 3422 720 3481 paulo
738 3421 853 3468 austerius
875 3424 1049 3482 temperabatur
1068 3422 1163 3468 lenitate
1186 3423 1248 3469 Chii.

75 3485 186 3551 trauan]
220 3492 338 3538 ovain.
350 3489 457 3535 Catullus
468 3486 617 3542 Veronensis,
651 3486 715 3536 Quid
725 3486 756 3531 sit
767 3493 819 3533 notu
830 3487 877 3542 illa,
890 3486 942 3533 ride
953 3487 969 3532 l.
980 3487 1003 3532 2.
1015 3487 1060 3532 Od.
1072 3485 1094 3531 3.
1107 3488 1161 3533 all.
1173 3487 1213 3533 ubi
1225 3495 1250 3534 et

57 3552 121 3596 'turbe
129 3555 204 3602 claruit
215 3571 262 3615 quo
274 3565 381 3614 ternpore
393 3552 517 3599 Terentius
530 3554 616 3598 Varro:
650 3552 679 3596 de
691 3552 796 3603 Falerno,
814 3552 902 3612 pariter
912 3559 936 3598 et
946 3552 962 3596 i.
976 3550 996 3596 1.
1013 3552 1058 3597 Od.
1070 3552 1109 3598 20.
1143 3553 1180 3598 De
1192 3553 1250 3600 ctio

57 3611 223 3677 lwdmgnomen
231 3623 334 3681 adeptus
342 3628 377 3665 ert
385 3618 496 3680 peculiari
506 3617 618 3677 epitheto,
649 3615 665 3662 1.
676 3614 699 3661 3.
712 3616 757 3661 Od.
771 3614 808 3663 19.
820 3631 841 3662 v.
853 3618 876 3662 5.

59 3683 209 3731 rrnrditomm
228 3700 360 3733 consensu:
381 3684 433 3730 Val.
453 3683 568 3730 Martialis
587 3683 620 3729 ad
683 3680 722 3727 26.
738 3678 841 3741 Petilii]
876 3681 912 3727 De
925 3680 1017 3727 Petillia
1033 3680 1084 3728 iure
1094 3697 1172 3729 auree
1183 3682 1250 3731 loris

57 3741 138 3802 huam,
149 3749 184 3796 10,
195 3751 234 3807 78.
650 3761 741 3793 corona
747 3749 799 3807 jam
810 3747 899 3792 mentio
909 3746 953 3792 suit
964 3746 988 3792 in
1001 3747 1049 3793 Sat
1060 3747 1083 3793 4.
1095 3748 1218 3808 superiori.

96 3811 138 3859 lire
146 3817 222 3863 nultos
233 3819 290 3863 milri
297 3812 409 3877 proferas
417 3814 504 3875 poitur,
682 3811 721 3866 27.
739 3809 840 3873 Latini]
882 3812 986 3862 Quidam
1006 3812 1089 3872 legunt
1111 3813 1204 3868 Latina,
1226 3822 1251 3860 et

99 3877 141 3924 Uro
150 3883 188 3928 sed
197 3884 241 3928 tili
250 3885 293 3929 sim
305 3883 377 3927 minor
389 3881 486 3926 Catullo.
646 3878 752 3938 jungunt
771 3893 824 3924 cnm
841 3878 1002 3937 aequantibus.
1042 3878 1089 3924 Sed
1108 3893 1156 3925 non
1174 3880 1252 3939 placet

57 3937 123 3999 'rripit
133 3945 219 4004 Lyrica,
231 3947 335 4006 Elegias,
347 3945 536 4006 Epigrammata:
554 3958 618 3989 com-
650 3941 695 3988 ista
705 3944 812 4000 mutatio,
829 3958 964 4003 quanquam
975 3947 990 3989 a
1001 3943 1057 3990 viris
1067 3949 1124 3990 sane
1139 3945 1250 4005 gravibus

57 4005 147 4054 eantur
156 4013 240 4057 mirum
251 4012 277 4058 in
289 4012 386 4057 modum
396 4015 411 4056 a
422 4009 507 4056 Gellio.
534 4008 619 4056 Crinit.
649 4006 749 4053 invecta

57 4083 100 4115 reo
109 4074 221 4134 vulgatum
232 4085 268 4123 est
280 4077 395 4123 distichon
407 4075 484 4120 istud:
683 4072 722 4118 28.
739 4072 826 4119 Pedius
840 4069 978 4133 Poplicola]
1013 4073 1060 4119 Hic
1078 4073 1140 4120 iilius
1157 4073 1203 4119 tuit
1219 4074 1250 4123 Q·

73 4133 153 4185 Tartaru
162 4143 360 4200 puroaasoclelet
375 4143 463 4189 Verona
473 4140 570 4193 Catullo,
651 4136 726 4191 Pedii,
744 4137 784 4195 qui
800 4142 813 4183 a
830 4138 878 4183 lui
896 4138 987 4185 Caesare
1004 4139 1103 4198 scriptus
1120 4139 1209 4190 haresr
1227 4145 1252 4183 et

99 4203 202 4252 Quantum
212 4224 297 4269 magno
306 4223 347 4254 ruo
354 4207 454 4253 Mantua
466 4206 571 4266 Virgilio.
653 4203 807 4248 Consulatum
818 4202 900 4248 Roma
915 4203 987 4262 gessit
1001 4219 1055 4250 cnm
1067 4205 1182 4263 Augusto,
1199 4210 1252 4263 post

71 4264 103 4309 lll-
117 4271 147 4314 At
156 4288 259 4334 magnum
263 4270 332 4334 facit,
344 4269 395 4332 ilc]
440 4271 475 4316 lta
492 4271 620 4329 loquuntur
653 4267 759 4313 Hirtium
770 4275 794 4312 et
806 4267 913 4313 Pansam.

57 4330 115 4376 ‚antii
129 4333 239 4384 lautores:
257 4353 316 4398 quos
326 4337 412 4384 refellit
428 4336 541 4382 Horatius
551 4333 619 4380 dein·
685 4329 810 4392 Erinden]
845 4332 939 4392 Magnis
955 4333 1078 4379 sudoribus
1094 4333 1205 4386 elaboret,
1221 4331 1252 4376 ad

57 4403 94 4451 ²1²i
109 4397 189 4447 intubi
196 4404 307 4448 nimirum
315 4402 386 4464 palati
394 4402 501 4448 homines
509 4401 532 4446 id
539 4400 621 4445 lauda·
652 4398 779 4460 puritatem
790 4398 905 4444 sermonis
915 4398 984 4458 patrii
995 4398 1152 4445 asserendam.

57 4469 92 4505 ¹¹¹1
113 4467 171 4522 quod
189 4477 224 4514 est
242 4468 333 4514 fatuum
352 4477 376 4514 et
394 4467 451 4514 vitio
469 4466 622 4514 vertendum:
685 4464 725 4512 29.
739 4460 869 4523 Cerviana]
885 4463 985 4510 Messala
993 4464 1107 4510 Corvinus
1114 4460 1177 4506 dorni
1185 4459 1253 4505 valde

57 4533 193 4584 unipeoerls'a
203 4533 494 4581 Graeeatsummucere.
519 4530 624 4580 Lucilius
654 4528 739 4574 nobilis
754 4544 781 4575 ac
797 4529 884 4589 pariter
895 4529 971 4574 clarus
981 4536 1066 4581 orator,
1082 4534 1153 4584 atque
1166 4524 1254 4571 Graecis

57 4591 216 4645 audenarda
228 4598 304 4646 Finib.
317 4599 337 4647 1.
349 4597 421 4647 ο.19.
655 4593 750 4642 vocibus
773 4594 864 4643 Latina
885 4592 985 4641 orationi
1005 4591 1117 4639 admixtis
1141 4590 1255 4646 infensus,
