3059 4984
407 241 663 308 CARMINUM
688 242 831 310 LIBER
854 244 903 311 11.
927 246 976 310 14.
1241 249 1301 315 127

57 376 445 443 Viseudusatcrflumine
459 376 609 463 languido
886 381 1018 429 amanum
1033 382 1101 443 niger
1117 383 1221 444 cocyto.
1237 386 1303 434 leno

55 462 200 545 Cocytus
214 485 332 542 errans,
348 473 380 529 et
396 463 500 529 Danai
513 487 614 549 genus
884 448 1302 575 ffilffiefflffi'ffl

101 549 238 626 infame,
254 550 480 635 damnatusque
493 550 581 636 longi
883 576 946 623 arius
967 585 1062 624 sterno
1083 593 1160 639 poenoe
1184 581 1300 630 adustus.

146 635 304 719 Sisyphus
319 635 464 701 AEolides
479 635 606 702 laboris.
829 639 873 703 20
885 642 1021 689 sesenna
1031 650 1101 699 terra.
1112 651 1136 689 et
1146 645 1300 704 domicilium,

56 720 249 805 Linqueuda
262 722 366 800 tellus,
381 734 414 787 et
427 722 551 800 domus,
567 732 600 787 et
614 720 741 807 placens
882 709 1182 830 {sslgssffimfflsissfgmsst
1199 710 1300 822 ,Ἠ

56 805 167 885 Uxor3
190 830 295 892 neque
308 806 429 885 harum,
444 830 522 893 quas
535 807 623 885 colis,
638 808 796 887 arborum,
882 836 1033 882 mmmmm
1063 837 1128 883 saur
1159 838 1299 886 nummum

96 891 159 969 Te,
175 905 292 1043 praeter
306 895 421 959 invisas
436 916 611 979 cupressos,
880 902 1298 1027 morepgpgffip'fieplcepnpp·

849 1066 870 1129 5
881 1038 930 1077 met
940 1033 993 1077 cino
1002 1030 1104 1078 Caeouba

142 979 175 1042 U
190 979 222 1043 ia
234 980 361 1044 brevem
376 980 536 1045 dominum
551 989 708 1064 sequetur.

54 1062 212 1130 Abaumet
226 1065 328 1130 haeres
343 1065 479 1132 Caecuba
494 1066 619 1151 dignior
826 1067 848 1128 2

547 1207 817 1256 ANNOTA'I'IONES.

86 1321 125 1376 17.
146 1322 423 1382 Visendssoterflrtmise
431 1319 562 1385 languido]
581 1323 661 1380 idest,
726 1323 760 1369 Et
774 1322 869 1383 placem
884 1317 968 1381 Ursa]
1002 1321 1046 1368 Vei
1058 1323 1143 1369 decora
1154 1330 1179 1369 et
1190 1324 1298 1385 pulchra,

54 1387 156 1446 nigrare
168 1389 269 1434 tandem
276 1389 307 1435 ad
318 1388 409 1435 inform
420 1388 549 1448 oportebit:
567 1388 662 1448 illicque
694 1388 732 1433 vei
750 1388 805 1434 bene
822 1388 960 1442 comendes,
978 1395 1005 1432 ut
1021 1387 1085 1448 apud
1103 1389 1199 1434 Sueton,
1218 1390 1297 1437 Tiber.

55 1453 271 1512 museoeyrum,
282 1455 325 1500 &c
359 1453 419 1499 Vide
431 1453 470 1498 lib.
485 1453 505 1499 i.
517 1454 563 1499 Od.
575 1453 614 1500 28.
694 1467 745 1512 cap.
755 1451 778 1506 7.
790 1459 816 1497 et
824 1452 880 1497 hinc
890 1451 941 1498 viro
951 1451 1037 1498 dilecta
1047 1460 1071 1497 et
1082 1453 1177 1499 omniuo
1189 1454 1291 1514 placens.

84 1518 196 1565 Flauiae
207 1515 336 1580 inglorio]
361 1518 444 1578 Virgil.
455 1523 512 1565 ante
523 1518 561 1565 cit.
571 1520 663 1567 tardem
727 1518 767 1564 22
787 1517 850 1566 Quas
860 1517 923 1571 colis,
933 1513 1060 1577 orborum]
1079 1517 1296 1567 incolendisarbo·

53 1581 151 1642 Stygem
163 1590 241 1629 vocat.
694 1580 760 1627 ribus
776 1582 859 1627 luxum
874 1591 945 1641 atque
960 1582 1056 1628 delicias
1068 1582 1229 1630 Romanorum
1240 1584 1296 1631 aiibi

86 1647 124 1693 10.
144 1644 268 1708 Cocytus]
293 1648 351 1709 EJus
362 1647 482 1694 derivatur
493 1651 660 1694 nomenato·
694 1646 781 1693 notavi.
803 1646 866 1693 Viuo
876 1646 948 1692 etiam
958 1647 1065 1706 platanos
1073 1646 1296 1707 irrigassefflior·

53 1708 246 1767 rimmesrtor.
271 1712 374 1759 Macrob.
387 1712 412 1758 in
424 1714 503 1759 Somn.
515 1712 577 1774 Scip.
588 1712 627 1758 lib.
639 1711 660 1759 l.
694 1711 806 1765 tensium,
828 1711 893 1757 testis
915 1711 1050 1757 Macrobius
1076 1711 1115 1757 lib.
1139 1712 1161 1758 2
1183 1728 1233 1774 cap.
1257 1713 1296 1761 13.

53 1791 102 1838 cap.
115 1776 156 1823 10.
181 1777 315 1836 -Quicquid
326 1777 434 1824 homiues
445 1777 470 1823 in
482 1779 573 1824 luctum
583 1778 661 1837 lacry-
694 1775 1222 1835 11111111.Μαι.111).9.1·1111.1111111101).
1246 1778 1295 1826 Do·

54 1856 153 1902 masque
164 1843 295 1902 compellit,
308 1844 432 1904 Cocytum.-
449 1844 512 1903 quod
526 1842 552 1888 iu
566 1843 660 1903 gurgite
692 1840 769 1896 mitio,
778 1849 802 1887 et
810 1841 866 1887 Luc.
876 1840 961 1886 Crasso
968 1841 1148 1887 altercantibus:
1162 1844 1295 1890 Utcrlueu·

54 1907 140 1967 mergit
150 1907 271 1962 odiorum,
286 1909 380 1969 Stygem
390 1906 537 1968 interpretati
547 1916 611 1963 suut,
622 1907 660 1952 in·
693 1907 795 1952 1111111]
811 1904 890 1964 iuquit
902 1905 1013 1951 Crassus:
1030 1906 1109 1965 Egone
1120 1909 1160 1966 qui
1170 1909 1246 1954 decern
1256 1923 1294 1954 co-

54 1972 114 2029 quit.
148 1972 191 2017 aie
205 1979 231 2018 et
246 1971 308 2038 ipsas
323 1987 413 2032 poeuas,
424 1987 483 2031 quas
494 1972 558 2033 apud
570 1971 661 2018 inferos
693 1971 783 2016 lemnos
793 1977 881 2016 centum
889 1970 990 2014 millibus
998 1973 1110 2015 summam
1121 1973 1172 2026 emi,
1182 1987 1212 2017 on
1222 1974 1296 2033 tuqui

55 2044 197 2083 menroraut.
231 2037 356 2082 Vulturem
369 2039 438 2096 jecur
455 2037 586 2083 immortale
604 2043 660 2083 tun-
692 2036 769 2081 decem
778 2034 952 2080 arbusculorum
963 2035 1066 2079 umbram
1073 2036 1152 2080 tricies
1161 2039 1295 2082 sertertittm

54 2100 160 2156 dentem,
174 2101 282 2160 intellige
297 2109 415 2148 tormenta
431 2102 579 2148 conscientiae
591 2100 660 2148 inde·
692 2103 779 2145 summo
789 2113 925 2158 compensas,
951 2098 1019 2144 Idem
1029 2097 1078 2143 sere
1090 2108 1169 2145 narrat
1180 2100 1241 2146 Pliu.
1253 2101 1294 2148 lib.

54 2165 659 2222 Mmlemmmasimmonitionelmisnusac.
694 2163 732 2218 17.
758 2164 819 2209 Vide
830 2178 879 2222 seq.
892 2163 937 2208 Od.
949 2162 1036 2208 Annot.
1048 2161 1123 2209 initio.

55 2230 115 2276 Vide
126 2239 214 2278 eamn
224 2231 320 2277 ibidem.
725 2228 764 2275 22
784 2224 927 2288 cupressos]
947 2228 1068 2273 Funebres
1078 2230 1181 2283 arbores,
1192 2222 1295 2289 ideoque

86 2296 169 2342 M
180 2311 256 2357 genas
267 2290 377 2358 infame]
412 2295 509 2342 Danaus
520 2294 591 2355 Argis
605 2309 659 2355 reg·
692 2295 778 2339 invisos
788 2292 891 2354 appellat
902 2292 1029 2338 Horatius:
1042 2292 1187 2353 Proserpina
1197 2294 1294 2354 Ditique

55 2361 170 2406 mritan.
183 2359 302 2414 113710.
320 2360 506 2407 Euseb.Chron.
520 2360 597 2421 Hujus
606 2360 661 2406 filim
694 2372 779 2412 sacres,
790 2372 819 2404 er
831 2356 920 2413 Servio,
931 2358 1009 2412 Festo,
1021 2355 1105 2404 Plinio.
1141 2357 1187 2404 Hic
1201 2359 1241 2405 111).
1256 2359 1293 2407 10.

54 2425 231 2485 quinquaginta
241 2439 304 2480 suos,
318 2427 366 2471 und
376 2427 483 2484 excepti,
493 2424 556 2471 viros
562 2425 659 2485 jugula-
693 2437 743 2482 cap.
755 2421 795 2468 aa
810 2422 844 2468 ita
859 2422 973 2482 scriptum
989 2421 1098 2481 reliquit:
1115 2422 1182 2469 Nota
1198 2440 1293 2481 nroross,

56 2504 118 2545 rere,
143 2490 219 2551 patris
243 2490 355 2536 mandato
378 2489 467 2536 nefario
486 2492 659 2549 obsequentem
685 2484 769 2548 fimeta
785 2502 933 2547 supervacuo,
952 2489 1026 2533 baccis
1043 2493 1116 2542 torsa,
1128 2485 1190 2549 folio
1205 2505 1293 2547 omaro,

53 2569 126 2614 quam
140 2557 172 2601 ob
188 2569 276 2600 noxam
290 2562 412 2615 pertusum
424 2554 493 2614 aquis
505 2554 604 2616 impiere
616 2555 659 2601 do-
691 2553 872 2607 odoreoiolento,
883 2567 911 2598 oc
921 2567 949 2598 ne
960 2553 1040 2598 amira
1050 2553 1140 2614 quidem
1148 2555 1260 2614 gradosa.

54 2619 112 2665 lium
123 2620 149 2666 in
162 2619 250 2666 luseris
259 2627 383 2679 coguntur,
408 2619 468 2665 Vide
479 2618 552 2667 11113.
565 2619 609 2665 Od.
621 2617 658 2665 ll.
724 2617 763 2663 21.
775 2617 871 2664 Breuem
877 2613 1124 2677 domiuomrequetur.]
1133 2618 1292 2679 &partemio-

55 2684 139 2745 VrrgiL
150 2685 208 2731 AEu.
222 2684 260 2731 10.
271 2684 327 2739 497.
692 2681 756 2728 ribus
761 2682 809 2727 tuis
816 2696 846 2727 er
852 2695 918 2728 more
925 2681 1039 2742 apposita,
1044 2683 1098 2727 cum
1103 2682 1293 2731 vitaexcesseris

157 2782 248 2796 ......
258 2745 522 2810 Usdsabnoctcjegali
723 2743 841 2806 Brevem]
876 2746 959 2792 Paucis
971 2745 1040 2791 anuis
1055 2761 1124 2791 usum
1139 2749 1293 2807 possessione,

54 2814 213 2862 Cesum
217 2810 406 2874 jascssssfodi,
415 2815 553 2874 thalamique
562 2813 658 2860 menti.
691 2806 880 2872 ὀλιγοχρόνιον.
914 2810 1015 2856 Valeant
1033 2809 1074 2869 qui
1096 2811 1127 2856 ad
1148 2813 1233 2859 tumuli
1255 2813 1293 2860 vel

54 2879 141 2926 libuli.
154 2879 177 2925 1.
190 2879 213 2925 S
225 2877 265 2932 79.
692 2890 757 2922 umae
766 2874 887 2934 angustius
895 2875 1016 2920 redactum
1024 2874 1215 2934 interpretantur.
1232 2878 1293 2927 Qus

84 2945 119 2991 Et
128 2945 213 2991 Dossai'
224 2943 309 3003 prodes,
323 2943 416 2989 Veneris
426 2957 476 3004 qao
486 2943 579 2989 nomino
590 2944 658 2998 laesit,
690 2940 710 2986 si
720 2940 758 2987 cui
767 2941 859 3001 placeat
865 2938 998 2999 explicandi
1007 2938 1074 2994 ratio,
1083 2941 1159 2985 lucem
1171 2940 1293 2996 1111111111)-

117 3010 148 3056 Is
158 3025 218 3056 eoos
228 3008 337 3056 Letkaeos
347 3008 410 3054 dolis
417 3013 497 3067 portat
506 3022 586 3068 squas.
690 3012 727 3052 ret
743 3005 853 3051 Juvenal
870 3006 917 3050 Sat.
935 3003 972 3051 10.
988 3018 1009 3050 v.
1023 3002 1077 3050 168.
1093 3012 1118 3050 et
1133 3004 1238 3066 quinque
1255 3020 1293 3052 se·

85 3073 124 3123 19.
141 3067 456 3134 ΒΜαίυφιΙωΜσ.]
474 3071 578 3133 Eilipsis,
589 3086 658 3133 supp.
689 3070 826 3130 quentibus.

127 3135 134 3146 '
723 3129 866 3194 Dominum]
894 3133 928 3180 'I'e
939 3140 1059 3194 potentem
1070 3147 1098 3179 ac
1108 3132 1213 3179 divitem
1232 3133 1292 3181 Piin.

84 3205 124 3251 20.
138 3198 383 3264 mmmmm]
395 3200 543 3257 Laenium,
551 3208 577 3246 ut
583 3199 658 3255 munt,
690 3200 761 3246 ruodo
771 3200 810 3246 cit.
823 3199 958 3259 Cepressro,
968 3197 1053 3256 iuquit,
1063 3198 1199 3254 Ditisoers,
1209 3201 1293 3247 otides

51 3265 659 3316 hfimisaThffieoeatoccisusraiiidicuntvirum
684 3261 1087 3325 sambriss'goooddomsspocitor
1104 3263 1292 3320 addenobs'lium,

51 3333 123 3381 rame
134 3347 217 3380 terrun
232 3332 362 3378 multarum
376 3329 461 3378 notitid
477 3331 618 3392 pollentem
635 3337 660 3376 et
691 3343 721 3375 er
734 3329 843 3375 Lucano:

51 3403 106 3445 cunr
124 3398 330 3445 inmortalitatem
347 3395 392 3442 sibi
406 3410 490 3456 parare
511 3396 657 3451 attentasset,
722 3394 756 3439 lit
767 3393 919 3454 uonplcbeios
930 3392 1005 3438 tuctus
1016 3397 1102 3437 testato
1112 3405 1238 3451 cupreum.

52 3465 122 3524 longo
142 3464 190 3510 isto
208 3463 289 3509 labore
307 3462 453 3515 damnatum,
472 3467 499 3505 ut
516 3461 547 3506 sd
565 3459 658 3521 apicem
690 3458 729 3504 Ad
749 3472 799 3504 rem
820 3465 935 3518 preterea
951 3456 1048 3511 faciunt,
1065 3470 1119 3514 quoe
1135 3456 1165 3501 de
1182 3471 1292 3518 cupresso

52 3528 138 3575 montis
146 3534 255 3589 portaret
263 3541 349 3574 aarum
357 3526 413 3572 inde
421 3525 576 3584 relapsurum.
596 3523 657 3571 Vide
689 3522 802 3569 scribunt.
837 3520 937 3568 Preciso
952 3519 1028 3579 capite
1042 3518 1150 3574 moritur,
1161 3529 1185 3566 et
1195 3524 1293 3569 subacta

54 3593 128 3654 Spuri.
140 3594 184 3640 uit.
196 3591 268 3640 Orid.
281 3590 438 3652 Metamorph.
448 3590 473 3637 d.
483 3589 538 3637 460.
690 3602 738 3634 non
746 3586 884 3642 renascitur,
891 3585 952 3631 sicut
960 3599 990 3631 ex
997 3584 1096 3631 mortuis
1103 3584 1163 3631 nihil
1171 3596 1291 3646 speratur:

52 3660 100 3704 Ast
107 3661 178 3718 petis,
189 3665 309 3718 merges
320 3659 442 3710 reiterans,
453 3655 558 3716 Sisyphe,
568 3669 655 3700 saxam.
689 3651 792 3698 Servius.
821 3650 894 3710 Bogis
905 3649 1039 3704 adhibetur,
1050 3658 1074 3695 et
1085 3651 1217 3697 cremandis
1228 3653 1293 3698 utilis

52 3722 133 3782 Vergil.
145 3722 258 3782 Georgic.
268 3722 292 3768 3.
303 3721 344 3770 39.
689 3724 724 3763 est
734 3715 895 3771 cadaveribus,
906 3717 936 3761 ob
946 3728 1042 3774 gravem
1057 3715 1154 3760 ustrinae
1170 3715 1292 3763 nidorem:

119 3820 244 3836 ........
250 3787 304 3833 Nos
314 3785 472 3846 exsuperabile
482 3799 569 3830 sorana
688 3780 802 3842 quoniam
812 3780 919 3827 i'oetoreru
928 3779 1047 3826 cadaveris
1055 3779 1113 3825 dum
1123 3779 1206 3836 uritur,
1214 3783 1292 3829 odoris

55 3851 146 3900 barret
157 3852 199 3898 lib
210 3852 236 3898 3.
250 3850 320 3899 loro
687 3846 725 3894 sui
739 3845 889 3907 Jucuuditate
900 3845 966 3890 lenit.
1001 3844 1038 3890 ita
1048 3845 1131 3891 Varro.
1144 3844 1220 3905 Leges
1230 3850 1291 3908 pub·

87 3953 110 3966 ..
119 3951 142 3965 ..
153 3917 342 3965 ...Mirantem
353 3915 445 3961 trudere
455 3920 529 3961 morte
688 3912 744 3958 licas
754 3919 779 3958 et
789 3925 908 3958 sacrorum
919 3909 979 3955 ritus
987 3911 1017 3956 ob
1025 3917 1138 3956 eternam
1147 3910 1291 3968 firmitatem,

81 3985 177 4038 hm,
195 3983 258 4044 qaod
275 3988 350 4029 1111111111
369 3982 384 4026 d
402 3994 488 4026 sommo
499 3976 553 4040 Jom
571 3979 655 4025 11111111
687 3976 713 4023 in
728 3975 814 4022 tabulis
831 3974 972 4037 cupressinis
987 3974 1086 4021 describi
1104 3975 1171 4021 Plato
1183 3977 1291 4036 jubebat.

146 4063 241 4094 mm
688 4042 748 4087 Vide
760 4040 933 4100 0111111191.
945 4039 985 4085 lib.
997 4040 1036 4086 20.
1048 4053 1098 4100 cap.
1110 4040 1133 4086 2.

720 4107 759 4154 20.
778 4107 889 4153 Absterret
907 4107 980 4151 baeres
1001 4104 1099 4151 Caecabo
1117 4105 1216 4165 dignior,
1236 4102 1290 4166 dc]

50 4177 104 4224 vid.
115 4185 140 4224 et
149 4178 238 4237 Odyss.
251 4174 290 4222 11.
302 4174 342 4220 ubi
354 4172 449 4234 Sisyphi
464 4172 530 4218 labor
543 4170 654 4231 graphice
689 4171 772 4217 Heres
783 4170 877 4230 dignior
888 4177 919 4225 te,
930 4169 987 4229 quia
997 4168 1122 4224 liberalior,
1134 4175 1158 4215 et
1168 4169 1244 4217 sciens
1255 4170 1291 4216 uti

49 4242 190 4289 ducrsssitur
202 4256 230 4287 ae
241 4238 355 4302 pingitur,
368 4247 394 4286 ut
404 4236 522 4284 observari
534 4237 607 4282 oculis
618 4236 654 4281 vi-
688 4235 717 4282 111
730 4250 783 4295 quar
799 4236 830 4282 od
846 4250 915 4281 usum
930 4242 986 4280 sunt
1002 4234 1069 4290 fecte,
1081 4233 1167 4294 quibus
1184 4235 1291 4293 improbe

49 4307 133 4353 datur
155 4305 274 4367 Sisyphus
294 4305 391 4350 trudeus
410 4316 502 4358 suurn,
523 4301 654 4357 monimus,
687 4299 1024 4361 avarivelutsocrisparcunt.
1051 4300 1291 4356 Quererotupsrce

48 4372 247 4433 massadam
257 4384 362 4431 corpore.
688 4364 757 4412 nimis
766 4365 864 4411 servisti
872 4364 926 4410 vina
934 4363 1059 4424 exquisita.
1068 4363 1118 4410 haec
1127 4364 1166 4409 ille
1174 4364 1296 4420 absumet,

79 4438 120 4485 al.
138 4437 279 4498 usqum
289 4431 377 4495 tolles]
404 4433 481 4493 Suprd
492 4430 577 4478 01113.
591 4430 628 4486 17.
687 4438 711 4477 et
721 4430 773 4477 sine
783 4431 854 4476 modo
864 4429 956 4476 fundet

113 4504 190 4550 &des
199 4502 308 4561 coempto
317 4501 422 4555 saltibus,
433 4504 456 4546 ct
466 4499 537 4552 domo,
722 4492 839 4556 Cecuba]
875 4496 927 4541 Lib.
943 4492 964 4539 l.
981 4494 1032 4539 Ode
1048 4492 1087 4538 20.
1122 4492 1210 4537 Vinum
1227 4491 1292 4551 opti.

115 4568 234 4628 touque,
244 4565 284 4627 isc.
687 4575 753 4606 mum
764 4560 891 4619 profundet
901 4558 1074 4617 disperdetque·
