3059 4984
311 279 375 345 lut
697 277 967 356 Q.HORAT11
992 278 1154 344 FLACCI

307 418 362 545 ζῇ
375 416 726 544 fflffiffiffifftqss
739 415 886 482 Demittit
899 427 981 516 atras
996 414 1101 515 bellua
1113 415 1270 516 centiceps

308 548 473 595 dmum,
497 553 618 607 „mum
641 546 725 593 auru-
782 503 902 579 Aurem
918 512 951 566 et
964 511 1070 566 intorti
1085 501 1206 587 capillis

307 627 362 660 mm
386 611 490 658 extusa·
511 610 629 672 implesti
674 611 727 658 tmo
868 586 1079 651 Eumenidum
1093 597 1272 653 recreantur
1286 589 1442 671 angues?

308 678 381 725 ‘⁶⁸¹⁰
404 675 566 731 mansuem,
588 682 613 722 a
633 675 726 737 Pelopis
739 672 829 746 Quin
843 686 875 738 et
890 671 1106 750 Prometheus,
1121 684 1154 738 et
1169 670 1296 758 Pelopis
1311 694 1434 757 parens

307 739 726 860 {fi‘ssfflffifumfflfflffij
739 756 836 824 Duloi
850 757 991 823 laborum
1007 759 1160 843 decipitur
1174 781 1273 837 sono;
1355 845 1359 848 -

308 870 344 931 git
355 869 436 917 veum
446 870 534 926 leones,
782 843 853 909 Neo
867 858 954 910 curat
969 845 1070 909 Orion
1088 844 1206 923 leones,

798 1009 1068 1057 ANNOTATIONES.

341 1115 381 1164 31.
399 1116 483 1163 Bellus
495 1111 628 1176 centiceps]
665 1115 735 1162 Canis
747 1115 812 1175 apud
828 1110 914 1173 interos
1220 1111 1280 1166 Tibi,
1295 1111 1406 1164 Tantale,
1420 1127 1446 1156 ni

302 1179 433 1242 summoue,
446 1190 471 1226 ut
482 1181 516 1228 ait
531 1181 629 1226 Suidar:
646 1182 751 1226 inmuta
767 1176 862 1240 trifauci
877 1181 913 1224 la·
979 1179 1349 1239 Deprendunturaqaaetquaeque
1357 1179 1446 1222 &nin

310 1253 375 1293 tratu
388 1249 436 1293 tria
447 1247 551 1306 madens
564 1252 669 1307 guttura,
686 1246 804 1291 horrentia
815 1245 914 1290 colubris
1043 1244 1118 1289 urbas.

309 1313 369 1359 coda
384 1325 496 1358 exerens:
519 1310 601 1368 virgil.
621 1309 716 1356 AEneld
733 1308 757 1355 o.
776 1324 798 1354 r.
815 1308 872 1362 117.
890 1315 914 1353 et
979 1307 1019 1354 311
1037 1309 1152 1354 labarum
1160 1303 1297 1367 decipitur]
1322 1306 1411 1351 Graeca
1424 1305 1446 1350 di

309 1391 359 1436 seq.
392 1376 585 1423 Plutoniucanern
596 1378 657 1421 aered
670 1389 721 1421 roca
738 1386 915 1430 arsurumne·
946 1368 1104 1418 benviverae
1116 1369 1212 1418 πόνων.
1231 1371 1269 1417 Sic
1281 1379 1305 1416 et
1315 1375 1390 1430 supra
1403 1371 1445 1416 Od

309 1438 424 1503 adpquou
444 1443 613 1502 quinquaginta
632 1442 741 1499 capitana
762 1439 914 1492 erudiverunt,
946 1439 1156 1498 sinequerelaruru
1173 1437 1225 1482 Ode
1236 1451 1285 1495 seq.
1296 1435 1334 1481 11.
1353 1436 1446 1480 Danae

309 1500 645 1566 impudentemque‚sorternque
653 1503 755 1563 appellat
763 1502 914 1548 Hesiodusin
947 1503 1021 1548 labari
1040 1503 1158 1562 Sisyphus.
1185 1501 1235 1546 Lib.
1257 1500 1280 1546 3
1299 1500 1352 1545 Ode
1369 1500 1412 1553 27.
1441 1535 1446 1544 .

311 1570 463 1629 Theogonid:
481 1567 619 1630 τρίκρανον
631 1562 696 1629 ᾅδου
711 1563 835 1622 σκύλακα,
848 1569 914 1612 trici-
948 1569 1034 1612 irarum
1045 1569 1170 1627 calidaque
1187 1568 1251 1611 rirae.
1285 1565 1338 1611 Ode
1351 1566 1395 1610 ult.
1409 1566 1445 1622 eju

307 1636 381 1694 pitens
404 1635 459 1680 Orci
475 1647 560 1689 marr,
583 1632 709 1692 Sophocles
729 1632 754 1677 in
774 1631 914 1677 Trachiniis.
948 1632 997 1676 bri:
1010 1631 1274 1692 Regnarttpopulorun.
1309 1629 1361 1674 Nec
1375 1629 1446 1674 liora

310 1699 427 1745 Cerberus
434 1697 501 1756 quasi
509 1692 658 1758 κρεωβόρος,
665 1698 804 1751 cantum
814 1696 914 1755 Mytbol.
948 1697 1011 1742 solus
1022 1695 1136 1755 ejusmodi
1147 1694 1306 1741 locutionibus
1316 1703 1390 1753 atque
1404 1694 1446 1738 He

312 1761 637 1821 terramdeslguatcadavera
645 1769 831 1807 consumentem.
849 1762 915 1810 Ouo-
948 1776 1011 1806 usus.
1030 1760 1105 1806 Pium.
1129 1761 1226 1806 Mercat.
1261 1760 1340 1805 Asini
1358 1760 1446 1819 pende·

311 1827 438 1874 uiamrerb
445 1826 556 1873 mortales
564 1826 668 1872 universi
675 1825 762 1887 triplici
770 1825 915 1884 extinguun-
949 1825 1044 1871 AEneid.
1058 1824 1079 1870 1.
1090 1823 1146 1873 219.

311 1901 350 1938 tur
366 1891 448 1938 mertis
464 1905 560 1950 genere,
575 1891 686 1946 naturali,
703 1891 814 1944 violento,
832 1898 855 1935 et
867 1889 915 1935 sor·
981 1891 1109 1949 implentur
1119 1888 1306 1945 aeterirBuccbi,
1315 1889 1446 1950 pinguiequ

311 1957 379 2013 tuito,
390 1972 444 2017 quie
454 1956 500 2003 tria
510 1971 591 2002 rursus
601 1956 695 2002 infinita
706 1964 775 2008 sunt;
789 1954 845 2000 hinc
857 1956 914 2000 Cer·
949 1955 981 2001 m
992 1955 1087 2000 AEneid
1101 1954 1138 2000 11.
1152 1954 1206 2000 126.

311 2024 368 2069 hero
387 2022 484 2083 quidam
504 2022 550 2068 tria
568 2022 652 2082 capita,
676 2020 716 2067 alii
735 2020 915 2079 quinquaginta,
980 2020 1112 2066 Iustitiaene
1120 2021 1188 2079 prius
1198 2017 1446 2071 nirenoettinetaom

312 2087 419 2134 nonnulli
431 2086 534 2145 denique
545 2095 640 2133 centum
650 2087 800 2132 afficiemut.
813 2085 851 2130 Sic
863 2085 914 2130 Ho-
950 2084 1019 2130 Unde
1039 2084 1111 2142 igitur
1130 2084 1175 2129 hoe
1191 2083 1284 2129 dicendi
1302 2096 1379 2141 genus
1398 2089 1445 2126 tan

311 2160 355 2198 rat.
369 2154 443 2199 maun
454 2154 575 2210 centiceps.
948 2149 1067 2209 aliquibus
1078 2148 1174 2194 risuml
1209 2148 1239 2192 Et
1251 2163 1305 2206 quie
1321 2161 1389 2191 mens
1405 2147 1446 2191 laer

344 2218 384 2263 36.
406 2217 492 2262 Intacti
506 2217 598 2274 capillis
612 2215 764 2261 Eumenidum
782 2219 918 2259 recreantur
949 2214 1036 2272 alioqui
1046 2214 1108 2258 viros
1116 2213 1218 2273 impulit,
1227 2221 1254 2258 ut
1262 2219 1303 2257 aut
1312 2211 1444 2257 lectionem

311 2278 419 2342 augura]
455 2279 600 2325 Eumenides
617 2293 658 2338 per
676 2278 824 2337 antiphrasin
840 2277 916 2333 dictae,
949 2279 1036 2332 batam,
1046 2286 1087 2323 aut
1095 2292 1190 2324 sensum
1200 2276 1379 2337 perverterentl
1392 2276 1446 2334 Por

311 2346 368 2404 quia
394 2358 545 2403 nequaquam
571 2343 688 2401 benignae,
713 2349 761 2387 tres
782 2349 916 2396 censentur,
949 2343 1008 2388 duce
1020 2343 1117 2402 quidam
1132 2343 1214 2400 legunt
1225 2344 1330 2394 laborem,
1346 2348 1372 2386 et
1382 2342 1446 2400 deci)

313 2410 402 2463 Alecto,
416 2409 526 2467 hisguera,
540 2407 676 2467 Tisiphone.
711 2407 799 2452 Sensus
809 2415 858 2452 est:
874 2405 915 2451 ln·
949 2408 1039 2467 cipiunt
1051 2421 1093 2468 pro
1104 2410 1196 2468 decipit.
1222 2408 1340 2456 Quorsum
1349 2409 1445 2451 serata

313 2473 413 2519 lernales
429 2472 475 2518 illue
488 2471 565 2518 Puriae
576 2471 690 2531 eiusmodi
704 2471 848 2517 carminibus
864 2471 916 2530 pla·
949 2472 1230 2531 hguraatquemutatiol
1249 2472 1374 2516 Turnebus
1382 2470 1446 2516 Alea

312 2537 369 2592 cari,
385 2537 436 2600 ἰῐηὸΙ
448 2545 472 2582 et
488 2543 608 2595 serpentes
619 2550 700 2581 earum
712 2535 816 2581 crinibus
834 2535 915 2581 intorti
948 2536 1067 2596 intelligit,
1077 2545 1103 2583 ut
1111 2537 1141 2586 sit
1149 2550 1239 2589 sensus,
1250 2535 1418 2581 Prometheum
1431 2550 1445 2580 a

313 2602 342 2648 iis
360 2600 460 2647 recreari
478 2600 567 2661 pariter
581 2614 608 2645 ac
622 2599 751 2646 demulceri
767 2600 915 2650 videbantur.
949 2602 998 2647 lum
1009 2601 1115 2662 proprias
1125 2600 1231 2647 oblivisci
1243 2615 1331 2660 peenas,
1343 2599 1446 2645 delinito

313 2666 379 2726 virg.
391 2665 477 2725 Georg.
489 2665 512 2710 1.
524 2678 545 2710 r.
557 2663 612 2711 182.
949 2680 977 2712 ac
991 2667 1063 2714 velli
1078 2668 1187 2726 deceptos
1204 2666 1269 2712 suavi
1288 2673 1359 2710 cautu
1377 2673 1400 2710 et
1421 2680 1446 2710 ni

350 2764 437 2779 ......
445 2730 712 2791 Caeruleorqueimplerae
721 2730 823 2776 crinibus
831 2745 918 2792 angues
949 2731 1057 2777 laborum
1069 2731 1156 2777 Alcaei:
1173 2731 1388 2791 dequibussuprt.
1425 2730 1446 2772 V

346 2796 491 2843 Eumenides.
950 2795 1085 2843 Promethei
1098 2796 1239 2855 Tantalique
1250 2794 1369 2841 laboribus
1379 2794 1445 2839 hies

315 2861 360 2907 Hie
371 2861 467 2921 quidem
483 2860 598 2906 scelerum
609 2859 704 2906 ultrices
715 2859 841 2919 multiplici
852 2859 917 2906 colu·
950 2869 1045 2919 apertus
1056 2860 1152 2920 quidem
1164 2870 1188 2906 et
1198 2859 1349 2913 manifestum
1364 2873 1446 2904 senem

312 2928 407 2972 brorum
430 2940 508 2971 morsu
528 2925 589 2971 belle
611 2924 748 2985 exprimunt
767 2925 916 2970 conscientie
949 2925 1096 2972 Pronutlteus
1106 2933 1129 2972 et
1140 2926 1229 2985 Pelopis
1236 2940 1322 2985 parens
1332 2925 1394 2969 dulei
1405 2939 1446 2970 suu

313 2991 428 3046 stimulos,
451 2991 536 3051 quibus
557 2990 663 3036 scelerati
683 2989 822 3036 vellicentur
843 2988 916 3044 intus,
949 2990 1069 3036 dolatione
1079 2991 1151 3036 Alcoei
1163 2990 1294 3036 carminum
1303 2997 1327 3034 ct
1336 2989 1446 3048 Sapphus

313 3070 453 3117 semperque
463 3056 605 3114 plectuntur.
949 3055 1009 3101 adeo
1018 3057 1110 3115 eapitur
1119 3065 1142 3101 et
1151 3054 1247 3108 fallitur,
1258 3062 1285 3099 ut
1296 3054 1363 3113 quasi
1375 3067 1446 3098 sensu

346 3121 386 3168 ³6.
404 3122 547 3167 Recreantur
563 3113 671 3180 unguen]
705 3117 802 3176 Proprie
819 3116 916 3163 dictum.
949 3120 1088 3165 memoriam
1098 3120 1191 3166 amittat
1201 3118 1446 3165 labonmetcruciatu

315 3186 377 3232 Nam
399 3193 469 3232 cantu
491 3183 601 3229 delectari
629 3181 769 3228 naturaliter
797 3190 918 3241 serpentes
950 3198 1010 3229 rum.

314 3250 394 3298 aiunt:
407 3257 431 3296 et
441 3248 532 3295 Plinius
543 3254 624 3294 auctor
634 3253 670 3293 est
680 3245 720 3292 lib.
732 3245 755 3291 li.
767 3261 817 3306 cap.
831 3245 868 3292 to.
982 3249 1022 3296 39.
1039 3249 1090 3296 Nec
1101 3255 1166 3295 curat
1180 3249 1250 3295 Οήωι
1262 3249 1342 3302 leones
1354 3242 1407 3309 lt]

347 3315 386 3369 ³7.
406 3317 466 3366 Quin
476 3319 499 3360 et
511 3313 665 3366 hemethetu,
677 3308 729 3372 ξς]
764 3310 918 3357 Prometheus
951 3312 1090 3359 Orioncum
1107 3314 1159 3359 aliis
1173 3314 1203 3359 ad
1219 3313 1363 3359 audiendum
1374 3326 1446 3372 prope

314 3395 416 3440 quoque,
427 3380 485 3425 item
498 3378 611 3424 Tantalus
622 3390 691 3422 suum
702 3382 801 3434 uterque
812 3376 917 3421 laborem
945 3379 1057 3438 lectique
1067 3379 1170 3424 venandi
1182 3380 1246 3433 curt,
1258 3379 1306 3437 qul
1319 3377 1378 3422 solet
1388 3392 1446 3422 occu

314 3445 491 3555 apsppplictiuum
501 3457 547 3489 non
559 3441 638 3555 setppit,
646 3442 876 3552 pplrplpira'pmtusglxctg
884 3455 918 3551 sei
950 3442 1124 3552 dulc‘pslcpntus
1134 3442 1243 3553 accprrit.
1261 3442 1335 3488 Aiunt
1346 3441 1446 3517 nimime

314 3523 329 3554 e
375 3524 414 3555 ece
490 3522 576 3554 amoem
613 3521 626 3553 e
722 3521 737 3551 n
893 3520 907 3551 e
950 3521 995 3566 apo
1038 3522 1116 3554 ueros
1130 3523 1170 3553 um
1187 3522 1219 3553 ns
1237 3521 1314 3553 inesse
1331 3520 1446 3564 accipere

316 3525 455 3632 Sapphollis.
490 3570 917 3632 Illumigniscoelestisrnptoremin
950 3571 1036 3630 quibus
1044 3572 1150 3619 virentes
1158 3574 1307 3619 tenebantur.
1330 3571 1446 3630 Virgilii

316 3636 371 3681 furti
387 3651 489 3696 poenam,
506 3636 591 3695 aquilae
609 3644 684 3682 rostro
691 3638 760 3696 Jecur
771 3635 917 3696 depascentis
950 3650 972 3681 v.
984 3636 1042 3683 653.

316 3700 445 3746 excruciari
457 3702 562 3746 Caucaso
575 3701 673 3746 affixum
684 3701 754 3761 vulgo
765 3700 914 3746 fabulantur:
1212 3703 1269 3752 Quis
1277 3702 1356 3762 mutia
1366 3703 1446 3747 curres

316 3764 341 3810 in
353 3764 433 3811 inseris
444 3773 523 3810 tamen
534 3764 632 3810 collocat
644 3764 739 3810 eustoc
751 3765 856 3811 Politices
866 3780 917 3826 esp.
950 3763 1169 3826 Armorunquesuit
1180 3768 1244 3821 mnis,
1256 3781 1306 3827 que
1317 3781 1371 3811 cura
1382 3767 1445 3811 niter

318 3828 355 3882 17.
376 3830 440 3887 quod
461 3829 524 3874 idem
545 3828 601 3874 lacit
619 3828 659 3874 hic
682 3829 763 3874 Horat
806 3829 841 3875 De
859 3830 917 3875 Pro·
951 3830 1049 3877 Parcere
1059 3846 1126 3891 equor
1132 3832 1230 3883 ,woden
1241 3832 1343 3891 sequitur
1353 3831 1434 3876 tellure

315 3893 410 3939 methea
416 3895 467 3953 Jam
477 3893 518 3938 tib.
531 3891 552 3938 1.
565 3892 616 3938 Ode
627 3891 649 3937 3
661 3899 685 3938 et
697 3891 735 3938 lo.
952 3895 1020 3941 ovio.
1034 3895 1191 3956 Metamorpb.
1203 3896 1225 3941 1.
1238 3895 1293 3941 1311

349 3958 441 4017 Pelopis
450 3954 553 4017 parem]
583 3957 696 4002 Tantalus
707 3957 807 4002 Deorum
818 3960 917 4013 masiae,
950 3959 1041 4006 Errant
1047 3975 1162 4020 exangues
1169 3963 1217 4006 sine
1225 3975 1318 4020 corpore
1326 3966 1348 4006 et
1356 3961 1443 4006 nribus

316 4031 343 4069 ut
354 4029 390 4069 est
400 4021 440 4067 lib.
454 4019 474 4067 1.
487 4022 538 4067 Ode
549 4021 588 4067 28.
600 4035 622 4066 v.
634 4020 657 4075 7.
668 4021 726 4080 quid
737 4020 812 4067 sciam
822 4037 849 4068 ac
863 4038 917 4083 pos·
951 4024 1054 4085 Parsque
1056 4021 1134 4085 sorum
1141 4027 1265 4079 celebrant,
1271 4040 1329 4085 pars
1335 4027 1374 4069 ini
1380 4031 1439 4070 terta

315 4089 364 4135 rint
377 4086 483 4141 numina,
499 4100 558 4132 ausu
573 4085 698 4131 temerario
708 4093 827 4146 expertus,
842 4087 919 4133 fllium
951 4088 1012 4135 Pars
1022 4092 1113 4150 aliquas
1123 4097 1193 4146 artes,
1205 4093 1305 4152 autiquae
1315 4091 1439 4136 iniurias

315 4167 385 4200 suum
404 4151 516 4211 Pelopem
533 4156 624 4196 coctum
644 4149 674 4195 iis
692 4151 808 4210 apposuit.
848 4152 918 4198 Tanti
951 4154 1072 4200 Erercent.

316 4219 372 4264 verb
379 4215 473 4263 sceleris
484 4229 565 4275 peenas
575 4213 620 4260 luit
631 4214 693 4274 apud
703 4213 793 4262 loleros
802 4216 919 4271 detrusus,
985 4218 1046 4265 Vide
1063 4227 1087 4264 et
1102 4220 1188 4278 Odyss.
1208 4217 1244 4265 ll.
1263 4226 1287 4264 et
1305 4219 1403 4264 Macrob.
1423 4218 1446 4263 in

315 4282 356 4329 ubi
366 4279 548 4343 perpetuatum
557 4294 584 4326 uc
593 4278 764 4334 sitieruciatur,
775 4280 809 4325 ita
817 4288 844 4326 ut
852 4282 920 4340 aquis
952 4282 1013 4343 Scip.
1027 4281 1048 4328 l.
1062 4283 1082 4328 1.
1095 4299 1144 4343 cap.
1156 4285 1179 4337 9,
1192 4285 1234 4328 dre.
1261 4284 1289 4328 ln
1301 4283 1421 4328 Horatium
1431 4298 1445 4326 r

317 4346 416 4394 Eridani
428 4352 508 4391 mento
519 4346 589 4390 tenus
602 4343 734 4396 immersus,
750 4353 774 4390 et
788 4358 858 4403 poma
868 4359 919 4390 cer·
952 4346 1000 4391 lum
1013 4356 1090 4393 moret
1102 4348 1206 4407 Scaliger
1216 4348 1260 4393 hoc
1271 4348 1340 4394 etiam
1353 4349 1413 4393 loco:
1431 4349 1446 4394 l

316 4428 375 4460 nens
386 4427 415 4459 ex
427 4412 509 4457 arbore
520 4407 591 4469 capiti
602 4406 770 4468 impendentia,
784 4423 828 4454 uec
839 4416 918 4456 tamen
950 4411 1036 4470 inquit,
1043 4414 1107 4472 apud
1113 4410 1197 4473 inferus
1203 4413 1251 4458 lac
1258 4413 1446 4466 inventarum

289 4508 294 4517 ·
315 4479 367 4525 haec
378 4491 455 4537 neque
470 4475 521 4522 illas
532 4487 615 4534 capere
626 4481 704 4531 queat.
716 4472 764 4518 cte.
778 4473 847 4519 Tusc.
861 4472 882 4519 1.
894 4489 918 4521 n.
951 4479 1068 4523 tormentis
1076 4479 1201 4532 addulam,
1210 4484 1251 4524 aut
1260 4479 1343 4523 Odore
1351 4485 1446 4524 summ

319 4543 355 4589 to.
380 4544 574 4591 Menturunniam
582 4553 664 4600 aquarn
675 4539 917 4598 antepenultimo-
951 4556 1019 4599 gone,
1028 4541 1064 4587 vir
1072 4542 1202 4602 perspicax,
1211 4543 1322 4602 quicquid
1331 4556 1404 4588 rerum
1412 4542 1445 4589 ibi

316 4615 352 4655 tue
367 4609 484 4656 Tantalus.
513 4605 582 4652 ovio.
594 4603 652 4651 Met
664 4604 687 4650 1.
700 4602 754 4650 lto.
951 4605 1108 4667 perspexistil
1122 4621 1152 4653 an
1164 4606 1211 4654 illic
1223 4607 1350 4655 diremtos
1360 4607 1446 4667 aliquas
