3059 4984
301 908 355 1009 Q.
388 904 678 993 HORATII
711 902 956 990 FLACCI

147 1214 1103 1337 EPISTOLARUM
1219 1328 1222 1334 ,

466 1535 593 1598 LIBER
615 1536 787 1598 PRIMUS.

42 2048 106 2115 Hac
125 2075 192 2138 pars
214 2053 342 2120 Horatii
364 2054 551 2120 Sermonum
565 2052 663 2121 ultera
681 2053 743 2120 dici
764 2063 878 2139 potest,
900 2052 1062 2119 continens
1078 2051 1248 2137 Epistulas,

43 2140 172 2222 nquibus
184 2140 344 2226 eleganter
362 2154 395 2206 et
408 2141 518 2206 ornati
540 2142 666 2227 quidem
688 2140 729 2206 ad
753 2141 870 2206 amicos
894 2141 1010 2217 scribit,
1035 2161 1099 2206 non
1122 2150 1184 2205 tam
1207 2140 1247 2204 de

42 2223 110 2289 ebus
122 2226 295 2293 domesticis
310 2239 343 2293 et
355 2226 507 2306 futilibus,
528 2228 622 2312 quim
637 2228 677 2292 de
699 2227 889 2311 gravissimis
904 2224 1092 2311 quibusque,
1114 2225 1192 2310 putit
1207 2225 1247 2290 de

41 2311 149 2377 naribus
161 2314 234 2378 veris
248 2315 362 2380 virtute
382 2313 594 2380 informandis.
640 2311 758 2378 Merito
780 2313 873 2397 igitur
891 2312 1061 2398 Sapientes
1079 2312 1248 2398 Epistulas

42 2412 168 2483 uncupat
183 2399 333 2485 Scaliger.
379 2399 477 2473 Quod
490 2402 518 2465 si
537 2421 663 2478 novum,
686 2411 718 2464 nt
736 2398 821 2464 certd
843 2398 1008 2483 pulchrum
1023 2409 1081 2475 est,
1104 2399 1247 2463 versibus

41 2485 162 2579 astricti
176 2489 318 2552 oratione
333 2487 468 2552 scribere
488 2486 641 2572 ejusmodi
656 2484 826 2570 Epistulas.
873 2483 958 2550 Hinc
975 2487 1090 2550 etenim
1104 2496 1136 2550 et
1148 2486 1248 2570 major

41 2568 197 2637 smiliaritas
219 2574 255 2638 in
275 2594 350 2638 suos
365 2572 478 2651 elucet,
499 2584 531 2638 et
545 2571 727 2638 nonnullam
747 2572 894 2637 scribenti
917 2570 1090 2637 libertatem
1106 2582 1138 2636 et
1152 2593 1248 2636 arnos-

42 2654 139 2721 itstem
152 2660 295 2725 tribuunt
309 2657 424 2724 Musae.
471 2658 522 2724 Ita
536 2654 613 2724 sane
627 2658 770 2744 quaedam
783 2655 906 2724 sacilids
919 2671 1113 2736 enarrantur,
1129 2668 1162 2722 et
1175 2679 1246 2742 quae

41 2760 77 2819 ter
88 2764 118 2806 se
131 2756 264 2823 austera,
281 2744 447 2811 'ucundids
460 2746 668 2831 excipiuntur.
721 2776 726 2784 ·

68 2824 161 2894 Prima
173 2831 240 2899 haec
258 2768 402 2917 bipistnla
417 2829 600 2896 Maecenatis
615 2829 741 2896 hortatu
755 2829 871 2914 scripta
885 2829 959 2894 satis
974 2839 1112 2913 apparet,
1134 2837 1167 2894 et
1180 2829 1250 2912 qui·

41 2908 88 2977 len
100 2927 184 2983 etate
198 2919 268 3003 jam
282 2929 430 3002 provecto
488 2917 542 2981 “tt
554 2927 671 2983 nostro.
717 2915 757 2980 In
771 2915 810 2980 ed
823 2915 1093 3001 reprehenduntur
1106 2913 1249 2980 homines

41 2998 152 3067 drmtem
176 3004 351 3070 honoribus
374 3026 411 3069 ac
436 2939 551 3069 ffiffis
576 3002 763 3089 posthabere
789 3002 884 3080 soliti,
910 3013 943 3065 et
963 3022 1034 3086 quae
1059 3000 1100 3064 ad
1123 3021 1248 3085 corpus,

41 3084 109 3165 uim
129 3111 197 3173 quae
222 3091 266 3156 sd
285 3091 421 3155 animum
443 3101 595 3174 spectant,
621 3088 719 3154 multi>
746 3087 918 3154 studiosius
941 3087 1143 3171 inquirentes.
1181 3085 1248 3153 dul.

41 3170 149 3258 imliger
164 3176 260 3242 Potit.
275 3175 330 3241 lib.
341 3176 372 3239 6.
387 3198 454 3260 cap.
464 3177 496 3243 7.
512 3197 690 3261 quenquam
702 3176 799 3240 durus
810 3173 888 3239 aliis
899 3174 1076 3257 castigator,
1089 3170 1250 3237 nitidioris

41 3257 94 3340 tyti
109 3259 217 3327 fatetur
231 3284 304 3329 esse
326 3261 496 3347 Epistolas.
539 3262 663 3339 Rima,
686 3262 797 3346 inquit,
820 3261 929 3347 quovis
942 3259 1032 3324 melle
1044 3259 1167 3323 dulcior
1179 3267 1250 3323 est:

41 3347 351 3436 meniaeapposirm
363 3348 461 3413 dictio
473 3356 576 3424 casta,
587 3349 733 3428 rotanda,
751 3348 870 3412 maaria.
897 3346 1102 3432 Quapropter
1111 3345 1252 3410 arbitror

41 3439 197 3498 adremon
210 3435 347 3500 omnium
383 3443 499 3512 actam,
512 3434 653 3520 prinum
661 3433 804 3519 positam
818 3434 859 3498 ob
870 3433 1059 3498 imulentam
1071 3432 1249 3497 raritatem

41 3512 336 3608 dnareetinmEpist
389 3520 959 3605 rnmtibramSatiriapoatponendam
970 3538 1091 3583 censeo.
1113 3517 1251 3603 qunad

41 3600 86 3664 dn
97 3605 128 3668 in
141 3607 272 3673 uetustis
285 3607 520 3694 eaenmlaribnc
533 3607 705 3684 rideamus,
722 3606 829 3670 nescio
843 3604 922 3692 quid
934 3603 1058 3670 consilii
1070 3605 1104 3669 in
1118 3613 1249 3669 menmm

41 3690 130 3755 merit
141 3692 193 3770 iic,
209 3694 268 3779 qui
282 3694 437 3759 inventum
450 3694 590 3759 ordinem
602 3693 829 3758 mdaerterant.
878 3690 1097 3756 Grammatico
1110 3690 1193 3756 nihil
1202 3692 1250 3756 in·

42 3770 145 3841 dicias.
181 3780 287 3845 Credo
301 3781 388 3867 qadd
399 3780 540 3845 riderent
554 3802 677 3845 aeram
690 3778 787 3856 ilium,
803 3779 925 3845 summi
939 3777 1070 3845 dicende
1084 3778 1247 3845 camoend:

41 3861 108 3940 wad
120 3867 192 3932 rerd
205 3890 268 3933 non
281 3868 364 3934 hanc
378 3867 481 3954 ipsam
490 3875 685 3952 postremam
699 3865 901 3952 intelligeret.
