3059 4984
363 246 638 313 SATlRARUM
663 246 806 313 LIBER
829 248 858 312 1.
880 248 912 315 6.
1196 249 1261 313 373

52 383 109 449 lloc
126 403 182 467 ego
194 380 396 460 commodiiss,
420 384 516 470 quim
538 395 583 464 tu,
603 384 752 470 praeclare
775 384 832 449 se.
845 384 936 461 qouoe
948 394 972 432 er
987 385 1035 432 su.
1043 384 1127 461 ,muto
1136 386 1190 433 nvo
1203 388 1261 462 ng..

155 480 252 547 mint,
770 471 832 535 110
843 458 889 497 tror
900 458 931 506 te,
942 452 955 497 d
965 450 1062 497 illusus
1073 453 1180 505 Senator,
1193 452 1259 498 alus·

52 554 141 620 llultis
154 565 243 704 sque
256 554 324 620 aliis
335 556 416 622 rivo.
452 556 650 641 Quicunque
661 554 759 621 libido
771 568 829 635 est,
843 516 1260 641 {ffillfflffitlfflll‘lllf

52 640 146 705 looedo
159 662 193 704 so
206 662 260 706 us:
280 653 463 725 percunctor
477 643 584 727 quanti
598 642 678 722 olus,
692 663 728 706 ac
743 640 808 707 sar:
842 652 950 691 mentum
963 653 988 691 et
1002 646 1082 691 herbe
1093 645 1176 704 quanti
1192 662 1258 694 vene·

52 724 178 792 lallscem
192 727 317 803 circum,
333 729 602 812 vespertinumque
616 749 743 812 pererro
841 710 1259 835 Μοιὲιιωὲοωῗᾛμᾞζ

52 812 241 897 iaepelorum:
256 814 369 877 assisto
384 813 515 879 divinis:
531 815 603 879 inde
618 814 745 878 domum
758 835 809 878 me
840 838 980 899 frequento:
1007 847 1058 886 asro
1084 840 1115 886 so
1140 838 1266 886 hainou·

52 897 187 982 luponi
215 909 248 962 et
275 898 384 964 ciceris
413 899 514 964 refero
544 897 729 984 lachsnique
756 900 832 964 cati·
841 903 904 979 hinc,
912 904 984 950 redeo
995 905 1092 980 usuum
1108 904 1259 979 semensa.

150 1004 233 1048 num.
768 982 913 1049 115porn,
940 983 968 1015 se
989 982 1085 1024 cicens..
1105 976 1131 1015 et
1156 968 1258 1016 lscbsnr.

52 1067 127 1132 Coem
138 1070 323 1134 ministratur
336 1070 440 1154 pueris
455 1070 572 1135 tribus:
588 1081 620 1135 et
634 1069 714 1154 lapis
729 1068 819 1135 albus
841 1032 1262 1158 gfflqqsoqummffi

52 1153 144 1219 Pocula
175 1176 244 1219 cum
274 1154 388 1239 cyatho
418 1156 480 1220 duo
517 1156 659 1240 sustinet
718 1155 919 1222 Adstatporat
934 1162 1002 1208 oinos
1017 1163 1119 1239 scyphos
1133 1177 1187 1237 epm
1202 1177 1259 1222 eys-

151 1240 278 1305 echinug
841 1226 890 1272 ttro.
935 1227 1010 1273 Adest
1029 1229 1083 1273 srlrs
1103 1227 1209 1281 echinus,
1235 1235 1261 1274 et

52 1322 119 1402 l'ilis,
131 1346 197 1391 oum
205 1323 320 1476 pateris
333 1337 453 1411 guttas,
469 1325 629 1411 Campana
643 1325 799 1410 supellex.
841 1299 995 1416 ᾗῖᾙῗ
1013 1293 1102 1403 iffi
1114 1293 1259 1403 ἷέἕξῃὲζωῗ

52 1409 194 1476 lleindeeo
227 1413 383 1491 ormitum,
397 1434 463 1478 nou
478 1412 640 1491 sollicitus,
656 1412 732 1477 mihi
743 1412 831 1564 qqqg
842 1421 1010 1532 {ffifflnim
1029 1420 1122 1477 meina,
1138 1421 1202 1482 quon
1220 1423 1258 1468 di«

150 1518 215 1562 cras

506 1622 775 1673 ANNOTATIONES.

72 1706 116 1757 111.
130 1710 372 1776 Multisotqusoliis]
407 1713 501 1774 Legunt
511 1713 560 1771 alil,
570 1716 623 1761 soil·
656 1715 839 1762 nisvinumsut
853 1729 915 1775 aqua
931 1714 956 1761 lu
974 1714 1057 1776 pocula
1073 1713 1259 1761 infundebatur:

52 1775 227 1837 iimdqseuliis.
258 1779 364 1825 Rursum
376 1778 417 1825 1111
428 1778 497 1826 aliter
507 1778 624 1840 interpre·
656 1779 787 1827 autetiam
806 1780 940 1827 diluebatur
958 1794 985 1825 ac
1005 1780 1153 1826 miscebatur.
1188 1780 1259 1829 Quod

52 1847 120 1886 auur:
132 1841 222 1900 quidam
231 1842 273 1900 sic,
284 1843 623 1891 obbooetaliamultacom-
656 1844 698 1904 qui
715 1844 874 1891 ministerium
892 1845 1018 1905 praestabat
1036 1840 1164 1896 κυαθίζειν
1182 1843 1259 1890 dictus

52 1903 121 1952 noum
130 1907 184 1963 tiro,
195 1908 236 1955 dte.
656 1909 753 1956 Graecis.
788 1909 843 1955 Non
854 1909 997 1955 omittendus
1014 1909 1054 1955 hic
1067 1911 1135 1969 jocus
1153 1909 1260 1955 Marcelli

73 1967 116 2016 lla
126 1971 234 2020 nauem
244 1968 352 2033 circum]
378 1972 473 2020 circum
483 1972 623 2029 mularum,
655 1974 733 2033 gravis
743 1980 769 2020 et
784 1974 877 2035 lepidus
893 1976 968 2033 seque.
1002 1973 1064 2019 Cdm
1078 1975 1205 2032 Syracusas
1216 1975 1259 2018 ob-

52 2033 185 2093 l'lsrquinio
203 2037 283 2084 Prlsco
305 2038 444 2098 spectaculis
465 2038 622 2098 designatum,
655 2038 750 2095 sideret,
761 2040 860 2098 ejusque
871 2053 943 2084 neres
954 2038 1108 2084 Archimedes
1118 2037 1259 2093 sublevaret,

52 2095 156 2146 Palatinum
170 2101 231 2148 inter
245 2109 270 2149 et
284 2102 432 2149 Aventinum
448 2111 561 2159 montem,
578 2103 624 2149 tris
655 2118 797 2163 rursumque
815 2102 874 2150 mari
892 2103 994 2149 illideret
1011 2110 1082 2162 atque
1101 2102 1260 2162 immergeret,

52 2162 106 2208 udis
114 2172 134 2211 et
143 2166 238 2227 amplius
248 2167 357 2226 longum,
365 2173 466 2227 quatuor
475 2171 531 2214 eerd
537 2169 624 2228 jugera
656 2176 690 2225 ut,
701 2169 812 2230 depressi
821 2168 894 2229 puppi
906 2168 943 2213 vel
954 2168 1031 2228 prori,
1048 2182 1115 2226 aquae
1130 2168 1259 2228 plurimum

52 2227 110 2273 utum
139 2229 322 2292 Dionysllalic.
340 2231 393 2279 18.
427 2233 495 2279 Alex.
513 2234 542 2280 ab
554 2233 623 2278 Alex.
655 2234 806 2295 acciperent3
834 2232 919 2279 ludens
945 2232 1023 2278 aiebat
1051 2232 1185 2288 Marcellus,
1212 2234 1257 2278 Ar·

52 2291 123 2341 lec,
140 2295 176 2342 ld.
208 2296 342 2344 Pollucem.-
363 2296 404 2343 ubi
425 2297 538 2357 sortilegi,
559 2311 623 2345 som·
655 2298 846 2345 cbimedemsuis
860 2297 959 2344 navibus
969 2311 1012 2357 pro
1022 2297 1115 2357 cyathis
1125 2297 1168 2343 uti.
1203 2297 1258 2344 l’lu·

52 2355 271 2428 nipnnlnrerpretes,
288 2361 409 2421 astrologi,
425 2361 582 2417 circulatores,
599 2369 624 2408 et
655 2364 728 2410 tarcln
740 2364 782 2409 &a

52 2419 171 2480 tllluuum,
185 2432 211 2471 ut
220 2427 298 2482 aiunt,
311 2426 455 2481 rendentesr
472 2435 514 2473 aut
523 2429 624 2489 11111111
688 2425 811 2489 Belsinon]
846 2426 882 2473 De
900 2426 971 2488 hujus
988 2426 1182 2487 interpretatione
1197 2427 1261 2473 vocis

52 2488 248 2548 maluissem,
271 2498 302 2537 ut
319 2490 354 2538 ait
371 2492 434 2537 Tull.
455 2490 476 2537 l.
495 2492 525 2539 de
543 2490 622 2538 Diria.
656 2493 733 2539 adbuc
750 2492 891 2552 subjudice
912 2492 941 2538 lis
959 2499 1001 2538 est
1035 2491 1139 2542 Quidam
1158 2492 1260 2538 salinum

52 2551 156 2601 ubinam,
187 2555 246 2602 Vide
261 2556 374 2603 Juvenal.
392 2557 439 2602 Sat.
455 2555 478 2604 6.
490 2571 512 2602 v.
528 2555 584 2603 tul.
600 2564 625 2603 et
656 2557 734 2604 echini
753 2557 840 2604 marini
858 2556 929 2618 piscis
946 2557 1045 2603 sormam
1064 2557 1154 2603 habens
1173 2556 1261 2603 intelli-

52 2627 85 2672 111·
656 2629 732 2682 guum
752 2622 792 2669 alii
811 2622 940 2683 ampullam
957 2629 1072 2668 scorteam
1088 2629 1131 2668 aut
1147 2622 1261 2675 vitream
1316 2623 1327 2642 ⁸

75 2679 318 2746 Vesperlimmsomm]
347 2685 391 2732 Vel
402 2686 466 2746 qubd
476 2685 567 2747 vesperi
578 2685 624 2732 mi·
657 2687 698 2734 alii
714 2687 806 2747 lignum
818 2702 872 2733 cum
886 2685 980 2732 uncinis
996 2687 1027 2733 ad
1044 2688 1191 2747 reponendos
1205 2687 1261 2732 cali·

52 2744 206 2805 norlrequentis
221 2750 246 2796 in
262 2751 316 2797 loro
332 2755 403 2810 quim
420 2753 505 2797 mane:
522 2759 626 2810 tuncque
657 2766 703 2798 ces.
738 2751 788 2797 Nec
799 2750 1031 2812 ineptequibusdam
1042 2750 1197 2797 videturesse
1210 2751 1262 2810 pol-

52 2804 92 2853 illsc
103 2815 233 2861 conveniunt
247 2822 378 2875 nugatores
394 2822 418 2862 et
433 2815 501 2862 otiosi
518 2815 626 2863 homines
658 2816 753 2862 lubrum
771 2830 813 2862 seu
831 2815 978 2866 malluvium,
998 2814 1081 2872 idest,
1098 2829 1139 2860 vas
1155 2807 1277 2861 lavana?

52 2871 262 2937 mormannum,
273 2887 301 2926 et
308 2880 329 2927 si
336 2879 393 2939 quid
402 2880 456 2926 nori
467 2881 626 2940 spargendum
658 2880 776 2935 manibus,
793 2880 854 2926 Gall.
873 2895 903 2925 un
921 2881 998 2926 bassin
1016 2881 1032 2926 d
1051 2881 1113 2925 laver
1131 2880 1163 2925 les
1181 2882 1262 2934 111111,

52 2949 70 2980 u
84 2941 242 2990 mutandum:
262 2945 303 2991 rel
320 2944 457 2991 ambulandi
474 2947 552 3002 must,
572 2947 627 2992 cum
660 2946 759 3005 Angla
772 2955 1038 2997 neumasensium
1055 2958 1082 2990 ac
1098 2944 1198 3004 proinde
1205 2951 1262 3006 gut·

52 3000 252 3065 ffintpordnnsd
263 3009 291 3055 id
302 3009 439 3055 commodes.
659 3017 696 3058 tus
712 3012 742 3057 ab
756 3009 841 3055 iisdem
857 3008 989 3070 explicatur
1004 3009 1102 3068 aqualis,
1119 3023 1161 3055 seu
1174 3023 1215 3055 ras
1231 3010 1262 3055 ad

77 3065 325 3134 limpitudinem]
354 3074 435 3134 Apage
446 3073 488 3134 qui
499 3074 626 3135 explicant,
658 3089 745 3135 aquam
755 3074 932 3121 effundendam.

52 3131 104 3177 rebus
118 3135 194 3184 1111111
211 3147 235 3185 et
254 3139 330 3186 sacris
347 3138 478 3184 intersum:
501 3139 549 3185 imd
566 3139 627 3186 nihll
693 3139 746 3186 118.
759 3136 867 3201 Puera]
894 3139 932 3185 sd
942 3138 1079 3184 libationes:
1097 3152 1156 3198 quas
1166 3138 1264 3197 quidem

52 3194 132 3269 'lym
161 3201 267 3263 Intellige
280 3203 356 3250 sard:
373 3203 446 3250 animi
462 3204 539 3264 gratid
555 3204 627 3250 audio
659 3204 763 3265 religiosi
770 3213 861 3250 veteres
868 3203 894 3250 in
901 3203 977 3265 epulis
986 3217 1108 3262 nunquam
1116 3203 1264 3249 omittebant.

52 3257 259 3334 immaturiores
269 3268 336 3330 plebi
347 3268 628 3325 incantaverbadantes,
662 3270 713 3316 Diis
725 3269 838 3316 nimirum
849 3269 980 3315 offerebant
995 3268 1020 3313 in
1037 3269 1119 3329 pareri
1129 3282 1171 3314 seu
1182 3267 1265 3314 vinum

52 3329 71 3366 ut
79 3339 98 3370 us
107 3327 166 3385 circo,
175 3332 208 3378 sic
217 3333 292 3379 etiam
302 3332 328 3379 ln
338 3332 396 3379 foro.
660 3349 703 3381 seu
720 3334 837 3395 primitias
851 3335 972 3380 ciborum:
990 3340 1061 3393 atque
1077 3333 1115 3378 his
1130 3333 1191 3378 vesci
1208 3333 1265 3379 reli-

75 3388 121 3438 lade
129 3393 210 3444 densos
219 3395 275 3459 ore.]
307 3397 474 3445 ludedomum
483 3397 629 3458 mereciplo,
661 3398 726 3459 pioni
743 3400 869 3446 ducebant.
903 3399 974 3444 Unde
985 3397 1034 3444 Cic.
1051 3398 1075 3443 2.
1094 3397 1124 3442 de
1143 3397 1220 3443 Finib.
1241 3412 1264 3442 n.

52 3450 261 3509 almumalmum
270 3469 297 3509 et
307 3462 467 3523 leguminibus
475 3470 629 3510 constantem.
661 3464 701 3510 22.
734 3465 812 3525 Atque
822 3466 967 3524 reperiemus,
983 3462 1069 3521 inquit,
1084 3468 1158 3509 111111
1164 3464 1265 3522 mem

70 3516 120 3590 „lli
133 3523 250 3589 1111111]
280 3527 321 3574 Sic
332 3528 409 3588 placet
418 3528 511 3587 legere3
531 3541 587 3584 non,
602 3534 629 3574 ut
660 3528 1142 3589 itosonreligiososmtedsatdepatelld.

52 3579 89 3635 ¹1¹¹,
102 3586 176 3647 hessi,
190 3592 363 3652 quodquidam
377 3593 491 3653 placente
505 3606 588 3653 genus,
605 3599 630 3638 et
696 3589 802 3653 Genus]
821 3593 868 3639 Vas
878 3592 912 3639 ita
921 3592 1010 3639 dictum
1019 3592 1083 3651 quod
1090 3592 1202 3652 guttatim
1210 3591 1266 3638 sun·

52 3644 75 3690 sd
87 3648 167 3700 delicias
182 3656 256 3716 magis
271 3656 390 3718 pertinet:
410 3665 436 3702 11
452 3656 545 3703 Horatii
562 3671 630 3703 meus
662 3658 703 3704 dat
718 3666 743 3704 et
760 3657 902 3703 minutatim.
936 3656 1045 3703 Vurrod.
1057 3658 1086 3703 de
1102 3657 1170 3717 ling.
1188 3657 1266 3703 Latin.

53 3717 145 3762 11111111
154 3718 320 3782 innultpotids
335 3720 468 3768 lachanum.
503 3721 565 3768 Nam
581 3716 629 3766 λά·
663 3722 755 3769 (11111.
774 3721 810 3777 17.
826 3737 846 3769 c.
862 3722 886 3778 Β,
904 3722 947 3768 dra.
981 3722 1036 3767 Non
1053 3723 1154 3769 absurde
1169 3723 1267 3782 quidam

54 3786 119 3832 1⁰⁹⁰*
128 3782 178 3838 olas,
193 3786 230 3832 rel
241 3788 295 3834 beto
306 3786 399 3842 Atticis,
415 3786 518 3847 pertinet
534 3787 565 3833 ad
581 3800 629 3832 coe·
662 3787 745 3834 volunt
758 3795 853 3847 guttum
870 3786 938 3833 illum
952 3787 983 3832 ad
994 3794 1119 3832 uncturam
1128 3787 1178 3834 sire
1189 3787 1266 3834 uncti·

54 3849 96 3886 “²¹¹¹
112 3843 195 3895 tscilen
217 3859 241 3897 et
267 3851 406 3912 parabilem,
433 3851 556 3912 magisque
575 3865 630 3898 cum
662 3867 733 3899 onem
750 3853 871 3913 epularem
890 3851 1007 3898 adfuisse:
1028 3851 1113 3908 idest,
1132 3853 1163 3898 ad
1179 3852 1267 3907 oleum,

52 3917 104 3960 Μ
112 3917 133 3954 tl
141 3914 209 3961 cicere
219 3916 337 3962 convenit.
663 3924 763 3974 acetum,
780 3916 930 3976 similemque
940 3915 1063 3976 liquorem,
1080 3924 1121 3963 aut
1134 3917 1199 3964 allud
1210 3932 1266 3963 con·

79 3967 122 4019 lli
133 3975 295 4042 duptam]
310 3980 428 4028 Describit
436 3989 575 4041 appamtum
583 3996 631 4028 non
663 3982 796 4028 dimentum
815 3981 938 4042 quodlibet
955 3983 1046 4043 polinis
1065 3984 1218 4037 irrorandms,
1241 3991 1270 4028 ut

54 4045 111 4081 Μ
123 4043 187 4089 nodo
196 4059 244 4091 sua
260 4060 289 4092 ac
299 4045 449 4102 cibariorum,
465 4047 507 4092 sed
524 4054 549 4093 et
565 4046 632 4094 abaci
663 4047 769 4106 loquitur
788 4047 889 4102 Persius,
913 4046 1031 4092 8111116.
1070 4048 1145 4093 Suum
1164 4049 1220 4094 verb
1238 4047 1270 4093 111

54 4109 184 4166 'mumque
194 4108 219 4155 in
230 4124 258 4157 eo
269 4111 433 4171 repositorum.
664 4111 750 4171 cuique
756 4111 882 4172 judicium,
893 4125 938 4171 ego
948 4112 1025 4158 dinam
1035 4112 1099 4170 quod
1110 4112 1199 4159 sentio:
1216 4125 1269 4157 mo-

78 4162 140 4226 Lupis
155 4171 237 4236 sum]
273 4176 358 4222 biensa
374 4189 403 4222 er
424 4175 477 4222 albo
494 4173 572 4236 lapide
590 4190 633 4222 seu
665 4176 827 4235 retmequbd
836 4176 1269 4237 Poitajungatcumpnterdguttms:

54 4238 157 4290 mmm.
173 4251 224 4297 quse
241 4239 358 4301 Delphica
375 4240 503 4295 dicebatur,
524 4248 575 4288 erat
590 4255 633 4301 pro
665 4240 746 4301 sicque
761 4241 855 4287 ridetur
872 4241 976 4288 indicare
993 4249 1088 4301 guttum
1105 4241 1200 4287 libando
1213 4239 1271 4286 vino

53 4291 123 4340 susem
133 4299 190 4346 Gall
201 4303 278 4362 beffos,
290 4305 360 4364 Angl
372 4317 527 4351 srnsaosno.
667 4297 843 4353 destinatum·
851 4306 968 4356 Quocirca
983 4307 1064 4353 malim
1079 4308 1181 4353 solinum
1197 4309 1271 4363 supra

82 4354 126 4413 ¹¹7.
141 4364 222 4413 reon
237 4367 303 4427 sun]
332 4370 440 4416 uerum
458 4370 515 4426 nni,
533 4370 634 4417 uterum
666 4370 816 4432 {serpeus
834 4372 944 4427 sunum,
965 4380 1006 4418 aut
1024 4367 1272 4427 vanissimorum,

54 4431 122 4477 “luti
132 4435 199 4489 utque
208 4432 242 4479 ita
250 4433 308 4481 bina
317 4449 410 4495 semper
420 4435 520 4496 singulis
531 4435 634 4482 convivis
667 4436 739 4483 etiam
750 4436 897 4492 malluvium,
913 4437 933 4483 si
948 4437 1012 4482 lubet
1022 4453 1028 4488 ;
1045 4442 1069 4480 et
1082 4440 1164 4494 guttur
1180 4446 1273 4491 neque-

55 4490 188 4542 ponebantur,
668 4517 739 4561 quam
758 4502 789 4547 sit
807 4502 905 4561 aqualis,
924 4516 966 4548 scu
983 4516 1024 4547 vas
1042 4513 1129 4558 aquam
1148 4498 1274 4547 abluendis

82 4553 130 4601 ⁶⁸⁸¹
139 4560 237 4624 cpolin]
263 4564 634 4614 Quovasculolraustumexur·
667 4567 920 4615 manibusad'undens.
