3059 4984
374 704 378 718 ·
418 760 460 833 Q.
486 757 687 824 HORATll
716 758 743 825 F
746 759 878 825 LACCI

295 1033 588 1117 EPISTOLA
618 1032 701 1114 ΑΙ)
732 1032 1002 1115 PISONES:

608 1267 682 1316 slva

194 1465 312 1575 DE
367 1466 613 1573 ARTE
669 1464 1092 1572 POETIOA

567 1716 721 1786 LIBER.

576 2019 721 2026 ...ῳ-.-

37 2299 95 2362 lau
111 2303 132 2363 e
147 2297 310 2363 Demetrio
325 2295 493 2376 Phalereo,
516 2320 572 2363 seu
587 2296 798 2383 Neoptolemo
814 2295 919 2377 Porio,
936 2320 992 2363 seu
1006 2296 1111 2383 potids
1125 2321 1166 2364 ex
1182 2298 1269 2365 Ario·

37 2409 135 2491 otcle,
158 2431 212 2474 seu
234 2409 254 2473 ὲ
278 2411 396 2495 proprii
422 2411 540 2495 ingenii
560 2411 702 2495 acrisque
718 2411 829 2496 judicii
851 2411 1065 2493 foecunditate,
1089 2413 1267 2498 sagacitate,

37 2524 151 2608 pibus,
182 2522 320 2588 hauserit
348 2521 545 2608 potissimum
583 2520 714 2587 Flaccus
743 2536 870 2604 noster;
908 2525 992 2592 certe
1024 2526 1269 2590 eminentissima

37 2656 160 2718 puaeque
175 2634 330 2699 scribendi
345 2635 490 2699 carminis
511 2643 668 2719 praeoepta
682 2632 743 2698 hoc
756 2633 864 2699 libello
879 2635 1063 2721 complexus
1078 2648 1135 2701 est.
1179 2636 1269 2700 Atta·

37 2768 99 2809 nen
122 2745 230 2811 Artem
256 2717 492 2811 Poeticam'vix
512 2743 666 2829 appellem
692 2764 763 2807 cum
790 2744 988 2816 Quintiliano
1003 2757 1036 2809 et
1049 2745 1138 2810 aliis:
1162 2744 1268 2811 malim

37 2855 100 2919 iero
118 2853 292 2940 Epistolam
307 2877 488 2940 nuncupare
509 2877 580 2920 cum
602 2853 763 2919 nonnullis
778 2855 924 2935 eruditia;
947 2868 1013 2921 tum
1028 2857 1069 2921 ob
1091 2857 1267 2940 inspersum

37 2965 196 3030 dentidem
212 2967 368 3032 satiricum
384 2965 491 3044 salem,
512 2977 578 3032 tum
602 2966 644 3031 ob
663 2967 888 3051 praeceptiones
908 2978 963 3031 aut
987 2968 1117 3052 carptim
1138 2978 1192 3031 aut
1207 2965 1267 3031 aal-

37 3077 137 3141 uatim
163 3077 260 3142 datas.
306 3076 393 3142 Hinc
414 3078 571 3143 enimvero
596 3079 701 3142 animo
727 3100 798 3142 meo
826 3078 990 3144 consilium
1015 3078 1136 3163 pridem
1161 3077 1267 3158 subiit,

37 3189 138 3253 »rdine
152 3189 287 3273 quodam
308 3189 448 3254 adhibito
474 3188 630 3254 illustrare
656 3188 738 3254 hanc
763 3188 890 3255 Horatii
910 3203 1047 3276 partem3
1071 3188 1098 3253 si
1119 3188 1204 3273 quod
1218 3198 1267 3252 est

37 3300 175 3365 eximium
199 3299 345 3365 illustrari
369 3310 481 3386 potest.
526 3300 711 3366 Liberaliter
736 3301 852 3385 accipe,
880 3299 1004 3378 Lector,
1027 3297 1160 3384 opellam
1183 3296 1266 3363 hanc

37 3433 148 3489 neam3
172 3411 242 3476 dico
256 3410 405 3490 libellum,
421 3434 484 3496 quo
499 3411 674 3498 Epistolam
688 3413 729 3477 ad
750 3411 883 3477 Pisones
898 3413 931 3476 in
947 3411 1032 3476 Artis
1049 3409 1188 3475 Poeticae
1202 3407 1266 3473 sor·

37 3543 109 3586 nam
124 3532 280 3608 utcunque
294 3523 410 3608 redegi,
435 3522 509 3588 olim
533 3523 599 3609 jam
622 3524 751 3601 editum,
772 3545 856 3588 nunc
871 3522 945 3587 vero
965 3522 985 3587 a
1008 3543 1056 3586 me
1070 3520 1263 3605 recognitum

37 3654 197 3719 urouoque
212 3634 268 3699 tibi
283 3634 487 3720 propositum.
