3059 4984
359 314 501 382 NOTAE
525 316 575 381 IN
598 316 746 384 VITAM
771 318 983 384 1101111111.
1254 323 1288 387 ix

302 508 350 566 De
362 529 394 567 re
407 509 543 567 communi
556 508 660 568 scridoe
671 511 781 589 magnei
788 519 874 591 atque
884 509 957 568 nord
968 519 995 568 te

304 589 435 649 matam
447 589 529 649 bodie
541 590 719 661 meminisses,
737 593 849 662 Quinte,
862 591 974 650 reverti.

78 755 146 820 adde
157 757 239 842 quod
254 759 360 824 scribit
374 759 443 824 Liv.
457 782 524 846 cap.
539 761 592 826 16.
609 761 680 826 Lib.
699 761 758 827 IX.
775 774 807 827 et
821 761 860 826 Α.
877 759 961 825 Gell.
978 781 1046 844 cap.
1061 758 1094 822 9.
1111 757 1182 822 Lib.
1201 756 1261 822 Vl.

113 842 158 906 Ae
216 844 274 908 ‘md
288 844 538 912 Mmcenati-s‘n
552 852 698 934 grntabm
711 846 912 931 insinuatus]
958 845 1095 911 Haecita
1109 857 1283 920 narrantur,

78 930 153 1013 qnasi
167 866 318 996 paratius
333 955 397 997 non
411 933 579 999 innotuerit
595 932 773 1011 Maecenati,
789 935 849 999 nisi
864 946 936 1019 post
948 933 1140 1018 impetratam
1158 931 1283 995 demum

78 1017 110 1079 ab
123 1015 262 1099 Augusto
275 1020 406 1096 veniam,
422 1032 454 1085 et
467 1036 677 1105 comparatum
695 1022 862 1086 scribarum
877 1019 1098 1093 Quaestorium.
1143 1016 1186 1080 At
1200 1016 1285 1080 istud

79 1100 213 1167 Suetonio
239 1126 397 1189 nunquam
422 1107 598 1172 excidisset.
650 1106 824 1172 Maecenate
848 1108 931 1172 enim
957 1106 1152 1190 deprecante,
1179 1102 1284 1166 Caesaf

78 1188 180 1271 ignovit
190 1189 335 1267 Horatia,
348 1193 439 1276 eique
454 1193 536 1257 bona
551 1215 608 1258 suo
624 1192 699 1259 fisco
714 1195 837 1259 addicta
850 1192 994 1258 reddidit.
1039 1190 1207 1255 Suetonius
1223 1189 1286 1253 hoc

78 1271 136 1337 loco
149 1275 186 1338 de
198 1298 238 1340 eo
258 1290 396 1362 tempore
411 1277 557 1363 loquitur,
573 1302 636 1364 quo
650 1282 745 1365 coepit
764 1280 923 1345 Maecenas
940 1277 1106 1342 Horatium
1121 1276 1236 1340 babere
1251 1277 1283 1339 in

78 1381 190 1425 numero
204 1362 400 1429 familiarium
412 1388 548 1441 suornm,
560 1388 693 1450 quocum
705 1368 830 1451 negotia
841 1388 897 1430 sua
907 1365 1163 1440 communicaret3
1178 1384 1286 1446 quem·

78 1468 129 1531 qne
140 1449 169 1510 in
183 1451 246 1513 otio
260 1472 318 1514 sno
328 1451 500 1535 jucundum
514 1452 675 1516 adhiberet
688 1454 842 1517 comitem.

112 1532 213 1598 Ifsnsm
230 1558 280 1600 me
300 1537 410 1602 videus
422 1538 662 1624 strigoniensem]
707 1539 783 1603 Non
805 1539 906 1624 placet
924 1539 984 1602 ista
1005 1535 1107 1601 lectio.
1154 1532 1285 1598 Procul-

78 1617 158 1683 dnbio
178 1623 342 1707 scripserat
366 1623 535 1700 Maecenas,
560 1625 669 1689 Ninno
694 1648 743 1691 nse
766 1626 877 1690 cidem
898 1624 1126 1709 strigosiorem,
1152 1642 1284 1704 eamque

79 1702 223 1771 lectionem
238 1721 365 1773 secutus
380 1722 428 1774 est
442 1711 638 1775 doctissimus
654 1711 796 1776 Vossius.
844 1710 918 1776 Fuit
938 1712 975 1774 iis
996 1708 1187 1793 temporibus
1206 1706 1284 1770 Nin.

78 1789 191 1857 Crassus
212 1799 309 1879 po'e'ta
329 1797 438 1879 quovis
460 1798 581 1881 pumice
603 1798 728 1876 aridior,
751 1819 881 1882 eamque
902 1796 943 1861 ob
965 1817 1090 1862 causam
1111 1793 1286 1858 istiusmodi

77 1880 203 1943 nunciis
218 1883 384 1946 obnoxius.

112 1964 279 2052 Regina]
326 1967 440 2033 Graecb
454 1967 595 2055 ἐλόγιον,
610 1970 736 2055 proprie
752 1969 907 2055 significat
922 1966 1054 2043 titulum,
1071 1966 1193 2037 lemma,
1206 1987 1285 2050 prae·

78 2047 203 2198 {donem
217 2054 386 2133 concisam,
402 2056 597 2135 breviarium,
612 2078 676 2141 quo
689 2058 772 2141 quis,
788 2056 864 2141 quid
882 2055 941 2119 sibi
956 2053 1039 2128 velit,
1060 2053 1167 2137 paucis
1182 2053 1286 2116 verbis

114 2221 196 2287 Nune
217 2225 481 2311 mapsutissimns
505 2237 538 2292 et
562 2226 730 2315 infimus]
779 2227 909 2292 Infirmi
936 2224 1113 2290 valetudine
1142 2224 1285 2288 utebatur

79 2306 218 2393 Augustus
243 2313 502 2398 omnitempore,
527 2329 599 2400 post
618 2324 720 2378 autem
743 2313 859 2379 bellum
887 2312 1102 2396 Hispanicum,
1125 2310 1288 2395 impendio

79 2397 160 2478 ungis
179 2420 362 2481 gravescere
381 2401 477 2484 coepit
497 2401 565 2485 ejus
581 2398 736 2465 valetudo.
782 2400 860 2465 Post
874 2398 958 2464 istud
972 2398 1067 2481 igitur
1081 2396 1196 2461 bellum
1210 2418 1285 2461 con-

80 2490 128 2545 sut
141 2504 205 2546 eum
220 2483 304 2549 hanc
318 2485 480 2569 epistolam
495 2487 536 2551 ad
557 2485 762 2552 Maecenatem
783 2487 954 2572 scripsisse,
978 2483 1173 2568 Horatioque
1193 2483 1286 2547 obtu-

79 2563 139 2631 lisse
150 2591 258 2634 munus
272 2570 495 2655 epistolarium.

112 2653 158 2717 At
169 2654 231 2720 istd
237 2657 428 2743 parasitica
441 2657 575 2743 messem]
620 2657 774 2724 Horatius
788 2659 871 2725 enim
887 2680 950 2723 non
966 2668 1032 2721 erat
1044 2677 1084 2720 ex
1100 2653 1283 2720 Maecenatis

80 2736 245 2819 domesticis,
273 2765 376 2827 neque
402 2743 496 2810 ullius
521 2746 668 2810 ordinarii
690 2746 783 2811 officii
808 2747 904 2810 causa
927 2742 1010 2828 apud
1034 2763 1106 2806 eum
1133 2741 1282 2818 haerebat,

80 2821 190 2910 ideoque
210 2851 283 2893 eum
304 2828 356 2894 bic
374 2831 481 2896 irridet
501 2831 664 2916 Augustus
683 2844 719 2897 ut
741 2830 923 2898 Maecenatis
946 2830 1125 2914 parasitum,
1143 2829 1231 2911 quasi
1253 2828 1282 2892 ei

80 2919 146 2975 eset
158 2915 301 2979 assiduus
315 2920 454 2981 conviva.

112 2997 156 3062 Ae
174 3022 211 3064 ne
233 3002 396 3066 recensenti
410 3004 533 3090 quiderm
553 3013 611 3068 nst
634 3004 811 3068 moecensuit
832 3003 1009 3088 quicquum,
1031 3010 1088 3065 aut
1108 2999 1284 3064 amicitiam

82 3100 151 3147 11111111
171 3108 347 3174 suggerere
371 3089 516 3174 destitit]
563 3090 603 3154 ln
624 3091 729 3174 primis
751 3102 860 3153 notatu
886 3090 1014 3173 dignum
1036 3100 1095 3163 est,
1120 3087 1205 3170 quod
1231 3085 1283 3150 bic

83 3167 201 3236 obtenu
228 3176 409 3240 Suetonius.
460 3175 545 3240 Rara
570 3189 618 3241 est
643 3178 675 3240 in
701 3177 892 3261 principibus
914 3174 1065 3261 ejusmodi
1091 3173 1281 3237 moderatio:

82 3254 151 3338 cujus
163 3261 288 3343 quidem
303 3261 486 3328 exhibendae
505 3262 604 3327 fateor
623 3286 685 3326 non
708 3264 767 3326 nisi
790 3263 960 3326 rarissimas
979 3262 1017 3325 iis
1040 3261 1171 3345 praeberi
1192 3280 1283 3323 occa·

83 3339 173 3436 bones.
216 3347 307 3412 Adeo
328 3348 362 3411 in
384 3371 500 3434 paucos
520 3350 670 3426 incidunt,
685 3350 739 3432 qni
763 3349 864 3415 officia
883 3347 986 3433 ampla
1004 3360 1036 3411 ct
1050 3347 1183 3411 honores
1200 3342 1282 3408 nltrb

83 3425 127 3489 ubi
139 3430 253 3499 oblatos
268 3434 451 3501 detrectent.

95 3514 217 3607 ,Siper
231 3520 440 3587 valetudinem
454 3532 540 3586 tunm
547 3522 630 3607 fieri
644 3519 783 3606 posset]
829 3519 974 3584 Indicant
988 3519 1055 3583 baec
1069 3519 1164 3582 verba
1178 3516 1283 3581 Hora-

87 3608 150 3677 1111111,
170 3604 353 3671 valetudinis
380 3631 445 3674 suae
467 3611 678 3684 excusatione,
705 3607 792 3672 illum
815 3605 965 3670 honorem
991 3606 1050 3670 sibi
1075 3605 1115 3668 ab
1138 3604 1282 3688 Augusto

88 3681 195 3753 tiletum
216 3692 389 3761 recnsbsse.
431 3694 504 3759 dam
525 3697 608 3759 enim
630 3706 844 3769 consenuerat,
864 3693 946 3757 unde
960 3693 1051 3757 ctiam
1068 3692 1206 3775 sequitur
1220 3689 1282 3754 hoc

86 3769 168 3838 elnon
180 3777 317 3843 oblatum
329 3779 426 3846 finisse
440 3793 511 3846 ante
525 3781 641 3846 bellum
655 3780 870 3865 Hispanicum,
886 3778 1029 3863 utsupra
1044 3778 1119 3842 dixi.

116 3856 281 3949 Septimo]
338 3867 426 3933 ldem
451 3880 500 3933 est
525 3868 704 3952 Septimius,
730 3889 822 3951 quem
848 3864 1015 3950 alloquitur
1041 3862 1121 3929 Hor.
1148 3860 1221 3926 Ode
1246 3861 1279 3926 6.

86 3937 209 4099 lib-9¹11..
223 3973 317 4035 quem
344 3952 450 4019 laudat
472 3954 533 4038 Ep.
556 3955 587 4019 3.
615 3953 685 4019 Lib.
710 3952 737 4017 1.
760 3975 915 4037 quemque
937 3951 1065 4016 Tiberio
1086 3947 1282 4015 commendat

108 4048 132 4111 P·
161 4079 169 4097 .
210 4038 252 4102 ib.
269 4038 299 4102 1.

112 4115 240 4213 Ufldqoe
260 4134 295 4189 et
314 4126 421 4191 alterd
441 4126 633 4191 liberalitate
653 4123 880 4211 locupletavit]
925 4120 1015 4188 Nihil
1032 4123 1196 4208 quicquam
1215 4142 1281 4185 me·

87 4215 145 4294 1111111
162 4207 196 4270 ab
222 4209 356 4276 Horatio
381 4214 496 4278 dictum
519 4214 558 4278 de
584 4214 718 4297 Augusti
739 4214 772 4277 in
798 4236 831 4276 se
854 4209 1048 4288 liberalitate,
1070 4209 1155 4294 qnod
1177 4221 1280 4272 tamen

86 4281 216 4383 ‘batum
237 4320 301 4362 non
323 4311 372 4364 est
393 4302 433 4364 ab
455 4302 577 4384 ingrato
595 4302 699 4364 animo
719 4298 900 4383 profectum.
947 4296 1050 4361 Nemo
1065 4316 1201 4380 unquam
1222 4292 1282 4358 suit

84 4386 214 4473 Rffltceps,
228 4386 282 4467 qui
298 4385 452 4471 aliquibus
474 4410 537 4452 non
560 4386 755 4464 benefecerit,
779 4388 869 4469 pauci
888 4400 990 4450 autem
1004 4384 1131 4447 fuerunt
1144 4381 1282 4463 Augusti

86 4460 191 4555 11111168,
209 4472 261 4551 qui
282 4475 424 4537 omnibus
450 4475 513 4538 suis
539 4474 685 4558 subjectis
711 4472 876 4537 benefecit.
920 4471 1080 4543 Quorsum
1107 4469 1200 4552 igitur
1221 4487 1281 4550 pro

87 4562 170 4627 1111110
190 4559 315 4621 seorsim
338 4561 454 4644 gratias
479 4574 594 4644 ageret,
617 4583 711 4643 quum
737 4574 841 4623 essent
864 4582 920 4643 pro
943 4570 1008 4621 toto
1034 4555 1150 4620 mundo
1175 4554 1281 4637 gratias

87 4636 214 4711 tgendaet
258 4644 331 4710 Sola
353 4658 459 4713 autem
484 4646 661 4730 hujusmodi
682 4648 849 4732 gratiarum
875 4646 955 4712 actio
979 4643 1111 4727 gloriam
1134 4641 1283 4725 principis
