3059 4984
345 290 391 358 xii
634 275 778 359 NOTAE
801 292 853 358 IN
875 290 1027 359 VITAM
1051 290 1265 376 HORATII.

347 462 458 532 affatu
473 463 594 546 dilexit,
608 476 755 552 tantaque
769 466 803 531 in
817 486 851 532 se
864 464 974 533 meatu
987 466 1055 552 ejus
1068 475 1168 545 erant,
1181 475 1217 530 ut
1230 462 1327 531 netas
1344 485 1399 529 ess

347 550 477 637 lugendi
505 552 688 619 Maecenatis
718 554 863 637 cuiquam
891 552 980 617 alteri
1008 552 1182 638 reliquisse.
1239 550 1351 617 Nullo
1381 573 1399 635 p

347 638 571 724 ignoscendum
584 639 663 705 aded
685 638 857 704 inhumano
869 637 1008 706 facinori.
1052 640 1087 704 Si
1100 640 1145 704 ita
1158 637 1278 705 nefarie
1294 639 1399 723 ingra·

347 746 412 791 non
425 736 488 790 tam
502 727 684 792 testimarem
698 725 822 811 scripta,
833 725 928 811 quam
939 727 1042 810 ipsum
1055 737 1213 792 auctorem
1226 746 1399 810 aspernari

347 810 427 877 aded
446 813 612 897 poeniteret
630 812 708 877 tanti
726 815 873 897 temporis
888 814 922 876 in
935 833 974 877 eo
988 811 1173 899 explicando
1186 811 1399 894 vertendoqm

348 896 518 963 Videamus
538 921 579 964 an
599 898 729 964 historia
749 899 840 964 nobis
862 898 979 983 aliquid
999 911 1154 985 suggerat,
1178 898 1265 984 quod
1287 919 1369 962 eum
1394 923 1399 956 ι

346 983 475 1050 crimine
503 983 618 1050 silentii
641 985 741 1064 istius,
790 984 853 1050 uod
876 984 1001 1070 quidem
1029 984 1131 1071 primi)
1153 997 1215 1050 tam
1241 994 1399 1069 suspectu

347 1070 491 1136 odiosum
504 1083 640 1157 apparet
687 1070 753 1136 Dio
768 1007 812 1136 de
830 1093 870 1136 eo
888 1094 971 1136 anno
989 1070 1132 1157 loquens,
1147 1072 1201 1157 qui
1217 1069 1397 1136 Maecenati

346 1155 416 1234 fuit,
432 1168 592 1223 enumerat
605 1156 706 1243 primb
721 1158 826 1223 omnia
838 1156 948 1233 felicia,
964 1180 1034 1243 quoe
1048 1158 1191 1243 Augusto
1204 1180 1244 1223 eo
1259 1179 1350 1222 anno
1371 1179 1399 1220 c<

347 1241 491 1329 Csrmque
516 1242 760 1310 demonstrasset
781 1245 901 1330 priores
924 1256 996 1311 octo
1017 1267 1140 1311 menses
1166 1242 1244 1309 nihil
1271 1245 1303 1308 ei
1331 1264 1399 1327 prae

347 1341 477 1395 eventus
491 1330 627 1408 dedisse,
642 1332 729 1396 addit
741 1329 835 1395 finem
851 1331 924 1395 anni
940 1352 1004 1396 non
1019 1331 1215 1417 respondisse
1237 1330 1399 1415 principio

347 1436 408 1500 que
423 1415 606 1483 Maecenatis
620 1416 788 1503 derepente
799 1418 1001 1567 intenppisse
1019 1434 1237 1503 prosperorum
1252 1416 1385 1492 seriem,

347 1524 446 1587 usque
465 1525 603 1569 mensem
625 1505 845 1570 continuatam.
929 1525 981 1568 ors
1003 1504 1098 1588 igitur
1120 1502 1307 1569 Maecenatis
1331 1522 1399 1566 non

346 1600 489 1654 octawm
512 1610 650 1655 mensem
675 1590 815 1673 contigit.
860 1588 903 1653 At
930 1591 1069 1674 quamvis
1098 1591 1201 1655 statim
1229 1600 1306 1675 post
1335 1609 1399 1651 eun

346 1686 490 1740 exactum
504 1676 684 1760 contigisset
697 1674 796 1762 (quod
809 1686 912 1740 tamen
933 1697 997 1740 non
1017 1688 1148 1754 constat,
1169 1673 1242 1742 edm
1262 1673 1331 1740 Dio
1352 1695 1396 1737 no

369 1771 442 1824 uoto
464 1761 514 1827 die
538 1762 713 1846 contigerit)
738 1760 759 1826 d
783 1759 846 1826 fine
861 1757 1010 1826 Octobris
1031 1763 1071 1827 ad
1092 1763 1275 1847 vigesimum
1300 1760 1399 1845 septir

346 1782 499 1913 llovemb.
523 1869 588 1913 uon
608 1846 718 1913 fuisset
733 1846 868 1913 Horatio
889 1849 1022 1932 spatium
1044 1848 1152 1934 primis
1173 1847 1321 1932 lacrymis
1345 1847 1399 1910 abs

348 1930 460 2018 ltaque
487 1945 609 2000 constat
636 1956 707 1999 eum
733 1955 797 1999 non
821 1933 874 1999 diu
898 1934 1095 2019 superstitem
1118 1934 1215 1999 fuisse
1238 1934 1342 1998 amico
1369 1954 1399 1996 st

346 2030 450 2085 autem
471 2020 556 2086 aliud
579 2018 680 2087 iacere
700 2022 864 2106 potuisset,
887 2042 951 2105 quo
973 2019 1087 2085 clarius
1112 2020 1351 2099 demonstraret,
1367 2041 1399 2103 qr

345 2118 465 2172 menter
492 2129 564 2172 eum
592 2106 756 2172 dilexerit?
802 2106 886 2171 Tum
914 2106 1119 2192 proculdubio
1148 2107 1181 2172 id
1207 2106 1364 2192 praestitit,
1391 2129 1399 2166 t

345 2190 466 2276 aliquot
485 2214 584 2258 annos
606 2191 764 2277 pollicitus
786 2204 863 2266 erat,
882 2214 978 2276 quum
992 2191 1033 2256 ad
1054 2189 1258 2258 Maecenatem
1274 2192 1399 2258 scribet·

345 2275 415 2343 loso
427 2279 537 2344 morbo
551 2277 743 2344 laborantem
757 2288 790 2342 et
804 2289 933 2342 mortem
948 2288 1115 2363 optantem.

666 2414 737 2475 Ab!
750 2426 778 2475 te
788 2436 860 2475 rueae
872 2414 1019 2494 sipurtem
1032 2414 1136 2475 anim
1149 2415 1228 2496 rupit

665 2497 811 2557 Muturior
822 2496 873 2565 uis,
887 2496 956 2576 quid
965 2516 1057 2556 moror
1070 2496 1173 2566 alteru,

707 2577 772 2639 Nec
785 2597 869 2636 curata
881 2579 970 2715 ceput,
983 2597 1034 2636 uec
1046 2587 1186 2656 ricperstcs

750 2657 889 2737 Integer?
926 2657 963 2715 lte
975 2657 1035 2717 dies
1047 2668 1194 2736 utrumque

667 2737 759 2797 Ducat
771 2739 901 2807 rubrum
915 2758 1036 2818 aeaego
1044 2737 1184 2817 perfidam

666 2819 738 2878 Dici
750 2828 975 2878 rwunrentum:
993 2819 1102 2889 ibimus,
1115 2817 1224 2889 ibimus,

709 2898 856 2979 Utcunque
865 2899 1024 2979 praecedes,
1039 2919 1194 2980 supremum

751 2982 879 3060 Carpere
892 2980 945 3039 iter
957 2980 1071 3039 amnites
1079 2979 1191 3059 parati,
1204 2979 1258 3038 &c

392 3112 428 3178 Si
449 3109 613 3195 astrologis
634 3108 790 3175 advocatis
813 3110 852 3175 de
875 3109 970 3177 natali
994 3107 1052 3174 sud
1072 3107 1154 3174 horb
1173 3107 1375 3174 consultlsset
1397 3164 1399 3171 ,

348 3220 412 3263 non
431 3197 584 3283 potuisset
602 3196 640 3261 de
661 3217 787 3261 suorum
807 3208 979 3283 temporum
994 3217 1064 3261 cum
1079 3194 1263 3262 Maecenatis
1283 3207 1397 3280 tempor

297 3340 299 3349 ,
348 3307 443 3350 sensu
458 3281 579 3349 felicids
593 3281 727 3348 ariolari.
772 3282 816 3347 At
835 3281 889 3347 ille
909 3284 1008 3367 magis
1021 3294 1198 3368 perspectas
1213 3281 1399 3346 habuitamir

348 3371 443 3456 quam
457 3369 558 3435 fatalis
573 3369 621 3434 sui
636 3369 745 3434 sideris
765 3370 855 3434 vires.
901 3366 1014 3454 Neque
1027 3368 1150 3435 difficile
1164 3379 1213 3435 est
1225 3390 1295 3434 vera
1307 3368 1399 3434 refici]

348 3459 382 3522 in
397 3468 451 3523 tuo
465 3456 592 3523 arbitrio
607 3455 699 3522 situm
714 3456 765 3535 sit,
781 3467 816 3522 ut
829 3454 967 3523 conflant
981 3479 1052 3543 quae
1066 3455 1256 3541 praedixeris.
