3059 4984
369 315 397 377 vi
805 310 1001 377 HORATll
1028 311 1148 381 VITA.

368 526 466 575 suam
483 523 672 599 suggerere
690 498 833 572 destitit.
878 499 1020 574 Extant
1029 501 1196 599 epistole,
1212 500 1386 600 &quibu-s,

365 626 504 728 gratia,
514 652 631 724 pauca
647 625 785 722 miu’eai.
838 625 950 700 Sume
966 626 1033 701 tibi
1049 627 1184 726 aliquid
1195 627 1290 725 juris
1308 630 1403 729 aput'

370 780 480 853 quam
500 756 530 830 si
548 755 733 830 convictor
753 752 842 827 mihi
861 752 982 828 suetis.
1036 755 1152 829 Recte
1176 754 1335 829 enimet
1358 780 1403 829 nc

370 880 508 969 seceris,
526 878 699 978 quoniam
717 879 754 953 id
773 878 860 953 ustis
880 878 970 953 mihi
990 889 1114 954 tecum
1139 904 1219 954 esse
1236 879 1353 969 volui,
1371 882 1403 955 si

369 1006 536 1081 tudinem
549 1016 651 1081 tuam
663 1005 741 1079 fieri
758 1014 894 1104 posset.
945 1005 1001 1079 Et
1015 1031 1159 1080 rursus:
1186 1006 1259 1080 Tui
1275 1007 1403 1104 qualei

370 1133 595 1220 memoriam,
611 1131 749 1230 poteris
766 1156 814 1205 ex
832 1131 1008 1230 Septimio
1022 1156 1168 1230 quoque
1185 1142 1315 1207 nostro
1334 1133 1403 1207 auc'

369 1259 495 1333 incidit
509 1267 555 1332 ut
571 1282 696 1332 coram
711 1257 776 1332 illo
792 1257 897 1331 fieret
924 1260 948 1332 i
972 1282 1033 1331 me
1056 1257 1111 1331 tui
1129 1258 1279 1332 mentio.
1335 1259 1403 1332 Ne.

369 1385 400 1459 si
415 1393 458 1458 tu
475 1385 653 1483 superbus
670 1382 865 1457 amicitiam
882 1391 1045 1457 nostram
1066 1383 1243 1483 sprevisti,
1258 1383 1347 1458 ideo
1365 1409 1403 1457 n‹

369 1511 700 1609 ἂνθυπερφρονοῦμεν.
764 1509 946 1583 Praeterea
976 1534 1068 1608 soepe
1108 1535 1196 1598 euna
1238 1510 1333 1584 iuter
1367 1512 1403 1583 ul

368 1634 599 1734 potissimum
617 1656 750 1732 penem
766 1641 804 1707 et
829 1632 1113 1709 homuncionem
1128 1635 1397 1736 lepidissimum

369 1761 567 1862 cuiquest
596 1759 712 1835 altari
742 1761 953 1865 liberalitate
982 1759 1215 1858 locupletavit.
1281 1761 1403 1859 Script

368 1891 441 1989 ejus
464 1914 570 1988 usquc
595 1886 683 1962 adesi
704 1887 881 1985 probauit,
909 1911 1138 1986 marmoraque
1159 1887 1334 1986 perpetua
1364 1914 1403 1961 cr

368 2042 436 2090 nou
462 2015 563 2089 madi
580 2014 747 2090 Seculare
772 2014 921 2089 Caruueu
947 2014 1212 2111 componendum
1239 2014 1403 2111 iujunceu

374 2141 586 2214 Vindelicum
611 2140 791 2213 uictoriam
814 2140 947 2213 Tiberii
962 2139 1152 2235 Demque,
1165 2139 1403 2237 priuiguoaun

367 2290 508 2362 euuuue
524 2263 680 2361 coigerit
693 2275 844 2361 propter
863 2262 939 2350 lac,
967 2262 1078 2336 tribua
1104 2263 1292 2337 carminum
1311 2264 1403 2338 libris

367 2388 551 2464 interuallo
578 2399 739 2486 quartum
761 2387 900 2462 addere.
951 2386 1042 2461 Post
1063 2412 1234 2463 sermones
1257 2388 1339 2464 uersi
1367 2390 1403 2464 le.

367 2518 461 2605 dam,
477 2514 609 2589 nullum
626 2514 680 2587 sui
697 2515 899 2587 mentionem
901 2513 1044 2612 suctum
1057 2513 1109 2588 ita
1121 2515 1168 2587 sit
1185 2528 1346 2613 questus:
1373 2516 1402 2590 11

366 2643 431 2717 tibi
449 2642 553 2729 scito,
578 2639 678 2739 quod
703 2664 778 2714 non
802 2641 839 2715 in
862 2641 1044 2739 plerisque
1072 2640 1250 2739 ejusmodi
1277 2643 1402 2741 scripti

366 2768 598 2868 potissimum
613 2766 785 2865 loquaris.
836 2768 896 2840 An
913 2767 1048 2841 vereris
1070 2790 1117 2841 ne
1145 2766 1244 2866 apud
1269 2776 1401 2866 poster«

365 2895 431 2970 tibi
460 2894 519 2984 sit,
546 2892 646 2992 quod
675 2892 828 2968 videaris
850 2890 1035 2966 familiaris
1064 2891 1169 2965 nobis
1186 2894 1293 2967 esse?
1333 2893 1401 2992 Eu·

366 3022 555 3122 Eclagum,
572 3021 668 3118 cujus
685 3018 821 3093 initium
838 3030 911 3103 est:

608 3193 709 3260 Quum
722 3208 767 3254 tot
780 3194 921 3253 sustineas
934 3206 965 3253 et
978 3206 1057 3253 tanta
1070 3194 1186 3272 negotia
1198 3195 1286 3266 solus,

607 3299 666 3359 Res
680 3300 768 3359 Italus
781 3301 868 3361 umis
882 3300 994 3371 moeris,
1007 3299 1137 3360 moribus
1151 3319 1246 3371 ornes,

604 3405 734 3485 Legibus
746 3405 899 3466 emendes:
923 3405 954 3466 in
967 3406 1084 3486 publica
1096 3405 1247 3466 commoda
1259 3425 1381 3485 peccem,

603 3513 635 3572 Si
648 3512 735 3592 longo
747 3532 880 3573 sermone
893 3533 990 3574 morer
1003 3526 1054 3574 tua
1067 3525 1206 3591 tempora,
1219 3509 1327 3571 Cesar.

364 3693 505 3768 Habitu
521 3693 676 3792 corporis
691 3692 905 3791 menetai,
931 3704 1036 3790 atquc
1058 3692 1203 3778 obesum·
1227 3690 1338 3790 qualis
1359 3701 1392 3764 et

363 3820 438 3917 ipsa
470 3819 507 3892 iu
537 3818 678 3917 Satyris
710 3819 928 3908 describitur,
961 3829 996 3892 et
1033 3818 1078 3892 ab
1107 3819 1270 3919 Augusta
1298 3813 1361 3892 luia
1387 3860 1397 3890 2

366 3945 519 4019 Pertulit
536 3946 584 4019 ad
600 3968 660 4019 me
678 3944 876 4044 Dionysius
893 3943 1055 4018 libellum
1070 3953 1191 4032 tuum,
1212 3966 1318 4042 quem
1342 3966 1396 4042 eg(

363 4096 487 4146 casem
505 4072 737 4168 brevitatem)
751 4070 1096 4170 quantuluscunque
1113 4079 1181 4159 est,
1193 4071 1281 4145 boni
1296 4094 1396 4146 consu

362 4197 434 4271 reri
463 4206 586 4270 autem
610 4196 700 4271 mihi
724 4197 856 4271 videris
881 4220 929 4270 ne
952 4195 1109 4294 majores
1135 4195 1248 4271 libelii
1275 4195 1326 4270 tui
1351 4196 1395 4270 sin

360 4322 439 4422 ipse
470 4346 522 4410 es,
551 4323 615 4397 sed
643 4322 673 4397 si
699 4323 765 4398 tibi
783 4331 923 4398 statura
946 4323 1061 4412 deest,
1084 4322 1335 4423 corpusculum
1359 4346 1395 4395 n<

363 4448 493 4546 Itaque
510 4447 632 4522 licebit
645 4448 683 4522 in
695 4449 893 4524 sextariolo
911 4450 1058 4539 sexibus,
1075 4474 1189 4548 quum
1207 4446 1394 4525 circuitust

360 4576 414 4649 tui
432 4575 478 4650 sit
495 4575 750 4677 ὀγκωδὲστατος,
765 4575 861 4652 sicut
879 4585 934 4652 est
951 4576 1143 4653 ventriculi
1156 4575 1222 4650 tui.
