3059 4984
412 297 667 365 CARMINUM
693 298 837 365 LIBER
861 300 887 366 1.
909 301 962 366 28.
1258 304 1303 368 65
1389 311 1394 326 '

62 434 210 501 Pulveris
223 436 331 522 exigui
343 457 441 521 prope
456 436 543 501 littus
562 458 658 521 parva
672 436 830 504 Matinum
884 439 972 487 mauu
994 438 1097 501 pulveris
1118 440 1207 487 nonum
1228 449 1300 488 tenue

104 521 263 598 Munera3
279 525 523 609 necquidquam
542 525 597 588 tibi
614 524 743 611 prodest
884 506 1320 633 fficssgoiussssficffiimffiss‘

62 609 175 673 Aerias
186 608 326 675 mutasse
341 609 462 687 domos,
478 612 644 695 animoque
659 612 828 675 rotundum
851 612 1058 697 dqmmmoe,
1071 635 1179 695 regiones
1188 636 1300 693 rum,

107 695 308 761 percurrisse
319 697 438 782 polum,
451 700 609 762 morituro,
849 762 851 767 Ι
883 700 1046 760 ambitumque
1068 700 1130 747 orbis
1151 710 1230 747 mente
1251 702 1298 748 eir-

31 855 38 871 ·
63 781 191 848 Occidit
205 796 238 848 et
255 781 382 870 Pelopis
396 785 530 868 genitur,
542 784 673 849 conviva
685 781 838 859 Deorum,
884 765 1155 886 ffinffifflssi'jf
1161 766 1301 879 iiim}

105 867 330 954 Tithonusque
340 881 477 940 remotus
494 870 525 934 in
540 893 642 947 aurae,
883 895 955 942 etiam
976 895 1000 941 tn
1020 896 1105 942 celum
1126 897 1239 952 sublacus,
1257 912 1302 944 nec

62 954 107 1021 Et
119 955 214 1020 Jovis
228 958 349 1021 arcanis
363 954 472 1020 Minoa
487 957 660 1035 admissum
677 955 858 1041 habentque
883 975 943 1036 ¹¹0⁰,
960 961 1038 1006 Minu
1065 969 1208 1036 secretorum
1235 962 1301 1008 ¹⁰¹5·

883 1032 1010 1086 particeps:
1023 1025 1123 1072 Panthor
1135 1026 1197 1073 lilius
1207 1039 1301 1087 quoque

554 1135 822 1183 annotationes

61 1248 153 1296 cetmia
170 1249 283 1297 omnibns
302 1249 407 1312 accipere
423 1249 462 1297 hic
476 1251 605 1311 Archytam
621 1250 667 1296 Ta·
700 1252 788 1306 meai,
801 1251 839 1314 dc.
852 1261 930 1299 nauta
939 1268 990 1300 ease
1001 1253 1120 1310 continua,
1130 1253 1301 1317 pronunciant:

60 1316 193 1371 reatirmm,
211 1315 317 1362 Platonis
332 1315 471 1362 familiarem
487 1325 512 1362 et
528 1320 543 1362 t
559 1315 667 1375 Dionysii
700 1316 740 1361 alii
748 1316 881 1363 attribuunt
892 1319 1003 1379 Arcby‘tae
1010 1319 1039 1365 ad
1047 1327 1143 1366 nautam
1151 1317 1302 1380 respondenti

62 1380 204 1427 erudelitate
215 1379 341 1438 vindicem,
351 1380 469 1440 siquidem
480 1378 547 1428 illum
555 1383 585 1428 ob
596 1382 668 1427 verba
700 1380 747 1435 sic;
759 1381 825 1432 Quid
838 1382 930 1429 miraris
941 1384 1004 1443 quod
1015 1384 1153 1441 interierim,
1167 1387 1221 1431 curo
1230 1379 1303 1432 nemo

63 1446 173 1504 quedam
195 1446 226 1492 dc
251 1445 377 1506 tyrannide
395 1445 491 1493 liberius
507 1446 598 1508 prolata
614 1446 666 1492 neci
699 1460 846 1493 summorum
857 1447 960 1495 vitonum
977 1449 1023 1495 huc
1038 1464 1112 1509 usque
1128 1458 1227 1496 mortem
1241 1449 1301 1497 effit-

63 1510 467 1572 sddictumpetepistolameripuit.
480 1511 578 1571 Diogen.
589 1511 666 1558 Laiirt.
699 1510 777 1570 gerit?
795 1559 797 1566 .
812 1513 849 1558 En
862 1513 954 1574 Pelopia
969 1514 1062 1573 genitor
1078 1514 1170 1570 occidit,
1187 1515 1302 1562 Tantalus

63 1575 179 1623 [ΜΒ.
216 1576 239 1622 ia
250 1575 437 1637 preluitaeptica
447 1591 496 1622 auae
508 1576 604 1633 civitati,
612 1578 667 1622 chin
700 1576 750 1636 ipae
771 1576 874 1623 Deorum
892 1579 997 1635 conviva,
1015 1580 1058 1626 ihc.
1092 1580 1186 1626 Pindar.
1207 1581 1302 1640 Olymp.

63 1649 141 1687 umen
153 1641 290 1702 imperami
305 1648 398 1702 tempus
411 1656 474 1688 anno
484 1649 545 1688 esset
557 1657 604 1688 uno
615 1641 667 1687 aliia
701 1642 745 1687 Od.
759 1640 779 1687 l.
796 1643 867 1696 canit,
884 1644 903 1689 ai
921 1660 992 1704 quem
1007 1645 1140 1691 mortalium
1157 1645 1304 1692 honorarunt

62 1705 204 1752 omnium:
222 1706 286 1752 idem
303 1705 399 1752 ibidem.
442 1706 602 1753 lionoriflcam
621 1707 667 1752 Ar-
701 1706 749 1762 Dii,
759 1708 863 1754 maxime
876 1709 1009 1755 Tantalum.

61 1771 138 1831 thyas
147 1771 297 1818 mentionem
307 1771 380 1817 habet
392 1771 483 1818 Tullius
494 1772 523 1818 de
534 1774 668 1828 Senectute,
733 1771 826 1833 Pelopis
830 1775 928 1834 genitor,
937 1771 990 1837 ilfa]
1010 1774 1122 1821 Tantalon
1132 1773 1242 1835 Phrygiae
1252 1789 1303 1829 rex,

62 1851 82 1881 e.
95 1836 134 1883 12
162 1837 668 1898 Vtranquaagaantnprtmturpraecta-
702 1837 887 1896 Agamemnonis
902 1846 925 1885 et
942 1837 1045 1885 Menelai
1053 1854 1161 1900 proavus,
1173 1841 1236 1887 Deos
1246 1855 1302 1887 con·

61 1900 238 1958 maominat,
252 1900 331 1966 dicere
345 1901 442 1961 quidem
455 1902 549 1962 egregie
560 1902 669 1955 soliturur
701 1901 764 1948 vivio
775 1902 874 1963 excepit,
888 1911 961 1962 utque
976 1918 1058 1950 eorum
1072 1904 1219 1951 divinitatem
1230 1919 1303 1965 expe·

63 1967 233 2027 &paudum
249 1968 379 2012 hominibus
390 1974 478 2027 petum
491 1967 578 2014 mathai
589 1982 637 2014 ease
654 1969 670 2013 ὰ
701 1966 796 2022 riretur,
808 1967 918 2027 Pelopem
932 1968 1008 2014 tilium
1023 1968 1052 2014 iia
1070 1968 1214 2029 epulandum
1230 1984 1303 2030 appo·

61 2036 150 2078 natm
157 2033 247 2086 daun,
256 2034 326 2092 qadaa
336 2034 437 2092 eorporis
446 2032 592 2093 uoluptatem,
603 2030 670 2093 majus
701 2030 762 2077 suit:
774 2046 832 2090 quas
842 2031 876 2078 illi
886 2033 956 2093 dapes
965 2033 1114 2088 exhorruere,
1123 2034 1265 2093 detruaoque
1274 2035 1305 2081 ad

61 2097 354 2143 dutibidimtenere
371 2097 522 2156 eteffraesott
535 2098 668 2157 dpatien-
701 2095 788 2142 interos
814 2097 913 2144 Tantalo
937 2095 1028 2144 lacinus
1051 2098 1207 2145 vindicavere.
1234 2098 1303 2145 Diod.

63 2163 291 2207 mni-dimna.
309 2162 667 2224 ffiacpotriaeproditiosea,drc.
702 2160 772 2207 Sicul.
796 2160 836 2207 lib.
854 2161 877 2207 6.
899 2177 949 2223 cap.
970 2160 1006 2209 li.
1026 2162 1067 2216 ait,
1090 2163 1217 2209 Tantalum
1238 2163 1304 2210 Jovls

66 2226 93 2272 ls
113 2226 269 2286 Pythagorica
286 2227 314 2273 in
331 2227 486 2288 Philosophia,
504 2227 624 2274 Platonica
644 2226 670 2272 in
702 2226 778 2272 lilium
785 2226 1305 2289 dicimurgloriarmignem,regntsseapud

65 2290 470 2353 Geotnetrieispreceptahauserat.
497 2290 671 2338 Mathematicis
703 2291 767 2337 Asia
785 2299 944 2352 partemque
963 2292 1123 2352 Paphlagonia
1140 2293 1233 2348 dicitur,
1253 2293 1304 2340 Diis

64 2364 91 2403 et
102 2356 249 2403 Hethanicis
255 2357 346 2403 artibus
352 2358 477 2413 excellens,
484 2358 617 2404 columbam
625 2356 670 2416 lig-
703 2356 774 2402 etiam
793 2371 874 2402 carum
890 2359 921 2403 ob
942 2357 1036 2416 generis
1057 2357 1202 2412 claritatemc
1224 2367 1306 2419 postea

64 2436 134 2468 aem
149 2423 299 2470 term
311 2438 450 2483 mpeasom,
464 2429 488 2469 et
500 2425 560 2470 curt
574 2423 671 2482 spiritua
703 2424 758 2468 verb
765 2421 876 2468 felicitate
885 2421 1059 2469 insolentiorem
1070 2423 1191 2482 evulgatae
1201 2422 1305 2469 homini·

63 2484 670 2550 Mmoemkdmmtumfeceratuolcntem.
703 2487 747 2532 bus
753 2486 921 2533 immortalium
932 2495 1029 2541 secreta,
1040 2502 1093 2547 quaa
1101 2502 1188 2534 mensae
1199 2502 1305 2534 commu·

64 2551 334 2612 Geulmlumala
369 2553 462 2599 Cabum
473 2552 563 2612 primus
573 2550 671 2598 invenit.
699 2551 775 2597 ‘niune
786 2552 986 2598 etconauetudine
996 2567 1050 2598 cum
1059 2552 1109 2598 Diis
1119 2556 1305 2614 noveratrccdua

65 2617 164 2664 Phrone
178 2625 241 2663 teate
258 2617 284 2664 in
301 2617 404 2678 Republ
420 2618 519 2678 Diogen.
538 2617 616 2664 laceat.
632 2616 671 2662 cit.
704 2615 809 2662 criminis
819 2631 900 2677 poenaa
913 2616 982 2663 solvit
997 2618 1028 2663 ad
1043 2616 1129 2663 inferos
1142 2618 1264 2671 detrusum
1279 2626 1306 2665 ut

64 2682 104 2729 lib
116 2683 140 2729 8.
704 2695 780 2741 usque
790 2682 821 2727 ad
831 2689 938 2728 mentum
948 2682 1071 2741 insurgant
1079 2697 1154 2742 aque,
1168 2690 1193 2729 et
1203 2684 1233 2729 ad
1243 2684 1307 2730 labia

96 2747 121 2794 3.
138 2747 251 2794 aalma
271 2744 371 2808 erigat]
407 2747 441 2793 Te
463 2747 563 2808 dignum
584 2744 671 2806 insigni
705 2761 780 2805 usque
790 2760 861 2806 poma
873 2747 1034 2807 dependeant:
1052 2755 1077 2793 et
1091 2755 1170 2793 tamen
1183 2747 1208 2793 in
1219 2750 1307 2808 magni

64 2813 196 2867 navasoleo,
208 2827 294 2873 nempe
302 2820 337 2859 tot
347 2812 437 2858 meritis
445 2820 602 2873 praestantem,
610 2811 671 2858 beul
704 2810 743 2857 siti
756 2819 781 2857 et
791 2811 852 2857 tame
861 2827 904 2857 nec
915 2811 994 2858 bibere
1002 2811 1078 2866 liceat,
1087 2827 1130 2858 nec
1141 2812 1218 2859 edere.
1249 2813 1306 2859 Pin·

65 2877 160 2924 cohibet
170 2892 201 2923 κ
211 2877 272 2937 tegit
281 2878 425 2937 pulvisculus
439 2876 536 2924 marinis
547 2876 618 2922 undis
629 2877 671 2924 ad·
705 2876 754 2922 dar.
770 2876 841 2921 modo
855 2876 893 2921 cit.
911 2876 984 2931 addit,
1005 2877 1131 2922 Tantalum
1148 2892 1215 2922 auam
1233 2877 1307 2924 felici·

65 2943 168 2988 volatus
680 2957 683 2964 ’
705 2949 778 2987 tatem
789 2949 870 3000 utpote
881 2940 978 2987 nimiam
987 2955 1131 3000 concoquere
1139 2956 1187 2987 non
1196 2943 1307 3002 potuisse,

97 3004 404 3068 mopsuestenam]
439 3008 553 3053 Adoram
565 3006 671 3067 Apulia:
705 3007 746 3052 sed
761 3006 883 3052 saturitate
897 3006 1009 3052 murnum
1025 3006 1106 3052 tulisse
1120 3005 1263 3052 immensum
1277 3010 1308 3053 ab

66 3073 110 3118 abi
120 3072 147 3118 ia
155 3072 269 3118 Lucanis
276 3072 380 3118 confinio
387 3072 467 3133 populi
475 3072 565 3132 degunt
573 3071 672 3126 Matini3
706 3069 756 3131 ipso
766 3071 825 3117 Jove
835 3080 901 3131 patre
912 3071 1047 3130 irrogatum.

66 3145 163 3182 suntet
176 3137 247 3182 adura
265 3137 360 3183 buxetia
374 3138 529 3192 abundantes,
541 3138 571 3183 de
586 3136 672 3197 quibua
737 3136 759 3181 8.
780 3136 934 3198 Tithonusque
945 3133 1178 3198 remotissimarum}
1206 3134 1272 3187 Quin
1284 3139 1309 3183 et

70 3201 184 3248 Lucanus
192 3201 230 3247 lib.
238 3202 262 3249 l).
270 3217 291 3248 v.
306 3201 360 3249 185.
706 3200 823 3247 Tithonua
830 3201 928 3247 Aurora
938 3202 1036 3247 maritus
1047 3216 1183 3262 quanquam
1193 3203 1223 3246 ab
1234 3216 1308 3248 uxore

106 3300 197 3314 ......
208 3267 286 3313 Calidi
296 3268 372 3314 luceat
381 3268 465 3315 buxeto
476 3268 570 3313 Matini.
705 3266 793 3312 coelesti
803 3280 872 3312 succo
880 3266 995 3327 perfusus,
1007 3276 1077 3326 atque
1086 3266 1119 3312 ita
1126 3267 1194 3312 vivax
1203 3266 1308 3321 affectus,

98 3332 123 3379 4
141 3333 390 3393 Neapvodeatde'rios
401 3328 607 3393 tentatationes]
626 3332 674 3381 Qut
707 3330 761 3377 latia
778 3333 874 3377 tandem
894 3331 1014 3378 concessit
1048 3332 1155 3377 Remotio
1173 3332 1197 3377 ia
1216 3327 1307 3392 aava]

66 3398 163 3453 tactam,
181 3404 209 3443 ut
221 3397 306 3443 mortis
320 3398 365 3444 hoc
381 3412 456 3458 genus
466 3396 626 3443 miserandum
645 3398 674 3442 ab
707 3395 1077 3451 AbAurortadnrnatus,ethinc
1088 3396 1113 3441 in
1124 3396 1209 3442 coelum
1220 3404 1307 3456 raptus.

66 3462 336 3523 umbtibipararinon
348 3462 498 3519 intellexeris,
510 3461 674 3520 neeffugeres,
708 3460 807 3521 lnsuper
822 3461 957 3506 fabulantur
975 3460 1104 3506 Tithonum
1125 3460 1251 3508 senectutis
1270 3461 1308 3506 in·

66 3528 178 3574 «aditus
201 3527 308 3587 apprime
335 3528 478 3574 anonomit
505 3535 530 3573 et
555 3525 673 3572 mathesi?
706 3524 1113 3586 commodapertaesumincicadam
1126 3525 1241 3585 optavisse
1252 3540 1309 3572 con·

68 3593 135 3643 Quin
149 3592 267 3654 pracati
288 3600 312 3638 et
319 3594 434 3640 eluctatus
451 3607 476 3638 es
492 3591 574 3646 latum,
594 3591 675 3637 onr·
708 3590 776 3644 verti,
787 3591 866 3649 sicque
877 3590 937 3636 adeo
947 3589 1136 3636 uanasormatum
1151 3591 1176 3637 in
1189 3593 1243 3638 aire
1256 3605 1308 3637 sua

67 3658 159 3718 elamat
195 3658 236 3702 Sic
255 3657 389 3717 Astrologoa
404 3658 483 3704 futura
501 3657 629 3717 praevidere
651 3663 676 3702 et
707 3670 807 3716 pensum
818 3654 843 3700 in
854 3655 954 3701 canistro
968 3654 1046 3701 fuisse.
1081 3656 1189 3702 Eustath.
1198 3658 1228 3703 ad
1240 3657 1309 3704 iliad.

67 3723 200 3784 prndium
221 3729 340 3769 tentantes
361 3724 417 3769 dati
437 3737 530 3783 semper
554 3721 674 3768 occasione
707 3719 943 3781 penultAtheniib.
955 3720 977 3767 d
990 3721 1063 3766 etlib.
1077 3719 1113 3767 la
1125 3736 1175 3782 cap.
1189 3720 1226 3768 12

67 3786 296 3848 ugilbtlloratius.
307 3783 602 3846 Airiastsntdasedomos]
622 3787 674 3832 Pla·
740 3786 763 3833 9.
782 3785 884 3831 Etloot's
891 3787 983 3832 meanis
990 3783 1207 3847 Minosoetmisaas]
1219 3786 1310 3852 Pariter

69 3863 178 3900 aetam
201 3852 329 3908 dornicilia,
344 3853 448 3899 siderum
466 3851 608 3908 affectiones,
627 3851 674 3897 vir-
708 3857 733 3896 et
749 3850 828 3896 Minoa
845 3850 910 3896 Jovia
930 3849 1088 3897 familiaritate
1104 3851 1211 3911 insignia,
1229 3861 1309 3898 tamen

68 3928 138 3975 mes,
154 3917 224 3973 situs,
243 3926 359 3978 captans,
378 3917 561 3979 contemplatum
585 3916 675 3962 fuisse:
708 3923 815 3961 mortuus
837 3924 879 3961 est.
914 3915 937 3960 lu
960 3917 1023 3977 apud
1045 3916 1141 3962 Homer.
1163 3918 1246 3978 Odyas
1271 3917 1309 3964 12

71 3984 198 4045 Asiaeque
204 3984 327 4029 rotundas·
333 3978 580 4043 Percurrisscpolam]
593 3981 674 4042 Sphae·
708 3978 768 4034 Διὸς
777 3976 892 4043 μεγάλου
902 3978 1027 4044 ὀαριστύς.
1062 3981 1128 4028 Plato
1138 3982 1163 4027 in
1176 3983 1234 4028 Min.
1247 3982 1311 4028 hunc

71 4062 122 4094 rm
136 4049 285 4110 apiumque
298 4045 674 4101 inclinationearorbiavariacli·
707 4047 776 4092 affert
792 4045 890 4091 Homeri
911 4047 996 4101 locum,
1017 4044 1144 4106 scribitque
1166 4048 1272 4093 Minoem
1295 4050 1311 4094 t

71 4114 299 4172 metadivemasque
309 4113 416 4173 regiones
423 4112 565 4172 cognovisse.
708 4110 767 4157 Jove
776 4111 895 4156 eruditum
913 4119 937 4156 et
953 4125 1016 4157 nono
1032 4126 1125 4171 quoque
1141 4127 1271 4159 annocum
1282 4127 1311 4159 eo

103 4179 126 4225 ὖ
143 4175 282 4239 Morituro]
317 4178 361 4225 Eat
374 4179 415 4238 qui
426 4193 506 4225 vocem
522 4179 582 4224 hanc
589 4180 676 4238 J'ungat
707 4175 795 4222 versari
818 4176 913 4221 solitum
940 4183 964 4223 et
988 4177 1095 4237 colloqui.
1130 4177 1204 4223 Aiunt
1225 4192 1310 4237 nempe

70 4258 124 4292 tum
134 4244 374 4304 pmoedentaom'mo,
385 4253 412 4289 ut
423 4258 452 4289 ex
461 4243 571 4303 opinione
579 4239 675 4303 Epicuri
709 4240 815 4287 Minoem
825 4255 905 4299 regem
916 4241 1067 4288 Cretensibus
1082 4242 1137 4288 dare
1152 4243 1216 4302 leges
1229 4241 1309 4288 volen-

71 4309 148 4368 (cajm
159 4315 174 4355 e
184 4322 259 4369 grege
272 4307 395 4368 Horatius)
407 4308 517 4354 mortales
528 4307 601 4354 animi
612 4320 675 4352 aase-
708 4314 756 4352 tem
770 4306 795 4352 in
805 4314 873 4353 antro
884 4320 934 4352 scae
947 4307 1086 4362 condidisse,
1100 4308 1140 4353 ubi
1151 4323 1176 4353 se
1187 4322 1241 4352 cum
1252 4306 1311 4353 Jove

70 4383 159 4420 nunu.
196 4373 234 4419 lta
246 4372 363 4420 Plutarch.
375 4374 405 4420 de
418 4372 511 4419 Placitia
523 4372 675 4432 Philosopho·
709 4371 890 4417 sermocinatum
907 4372 1049 4431 predicavit,
1065 4380 1135 4432 atque
1146 4387 1175 4417 ex
1193 4374 1243 4430 ejus
1254 4383 1311 4415 con-

71 4439 219 4492 mutat
237 4437 324 4498 eapT.
358 4437 507 4500 Ἐπίκουρος
523 4435 574 4495 τὴν
587 4433 679 4498 ψυχὴν
711 4435 763 4482 silio
786 4444 870 4482 cuncta
892 4436 1014 4482 statuisse:
1038 4441 1107 4497 porro
1127 4434 1225 4496 justitia
1249 4433 1313 4482 tamt

70 4501 192 4565 ρθιρτήν
202 4501 241 4564 rqi
252 4501 351 4565 σώματι
362 4499 623 4566 συνδιαφθειρομὶνην.
711 4501 800 4548 clarum
807 4502 870 4563 apud
881 4500 971 4548 Inseros
978 4501 1083 4562 Judicem
1094 4506 1108 4547 a
1117 4501 1216 4546 Plutone
1224 4499 1312 4545 conati·

102 4570 126 4624 7.
145 4569 242 4617 Occidit
253 4574 276 4614 st
290 4569 383 4629 Petopo
392 4565 504 4630 genitor]
540 4569 680 4615 Hecverbs
712 4574 797 4613 tutum.
833 4566 896 4613 Hinc
911 4580 958 4612 non
972 4569 1014 4613 aba
1028 4580 1053 4612 re
1066 4566 1165 4612 credunt
1181 4561 1254 4623 aliqui
1271 4579 1313 4626 per

73 4635 170 4694 quidam
180 4641 206 4681 et
217 4633 343 4693 sequentia
353 4649 427 4695 usque
435 4634 465 4682 ad
479 4634 532 4692 iata,
545 4634 680 4695 Mequoqac
712 4632 790 4679 Iouem
806 4631 845 4678 hic
861 4629 989 4690 significari
1005 4632 1137 4686 Plutonem,
1157 4625 1314 4689 quiquidem
1365 4679 1371 4691 ,

764 4715 783 4758 F

1301 4889 1457 4955 A
