3059 4984
302 229 348 295 94
693 222 961 299 Q·HORAT11
988 223 1150 291 FLACCI

303 368 402 422 vatur,
424 368 438 413 θ
462 364 534 412 nm·
551 361 670 418 russam
688 375 719 409 ¹¹²
775 360 840 427 Sed
854 382 894 427 ne
907 358 1034 439 relictis,
1051 360 1147 426 Musa
1161 381 1288 462 procax,
1297 363 1400 448 jocis,

302 427 719 560 ffifflpddffiffl
731 445 805 511 Ceae
819 459 965 512 retractes
980 469 1110 513 munera
1123 469 1251 513 noemoe:

302 577 375 624 ,μω
385 568 453 608 nna
461 558 569 605 moturos
580 555 673 617 means
683 556 718 603 re-
732 532 860 598 Mecum
877 531 1012 597 Dionaeo
1026 535 1085 598 sub
1098 545 1189 599 antro

302 627 370 675 *¹⁰1l
732 620 849 693 Quaere
864 619 973 683 modos
988 619 1102 684 leviore
1115 619 1246 705 plectro.

794 755 1061 803 ANNOTATIONES.

304 853 486 914 H‘sspons'amque
492 850 599 908 deflerit:
616 863 773 909 reversamque
782 848 908 900 abscessu,
940 846 1042 892 Merum
1050 852 1118 905 porta
1132 847 1234 893 omnibus
1248 843 1352 907 q‘asden
1363 862 1425 906 open

304 920 358 966 totis
373 918 460 964 viribus
477 917 501 961 in
523 915 595 974 Epiro
614 914 775 974 lbemdioqw
793 913 908 958 malit:
942 911 983 955 ess
1001 908 1133 971 presseram.
1168 910 1220 956 Hoc
1241 911 1305 956 idem
1326 918 1424 956 testatu‘

304 986 358 1030 binc
368 980 594 1042 inAEgyptam,inde
605 980 630 1024 ia
641 980 728 1033 Asiam,
740 991 874 1038 rursumque
884 978 909 1021 r'a
942 974 1089 1021 Halicaroas
1123 974 1206 1020 Refert
1221 975 1306 1021 Suidm
1321 976 1425 1021 Stesicb·

303 1046 416 1112 Africam,
422 1046 565 1106 portrcmbln
573 1044 711 1104 Hispaniam
719 1041 906 1102 remigravitlc.
939 1039 1034 1095 riorem,
1046 1039 1184 1085 Melicerten
1195 1040 1392 1099 cognominatum
1405 1043 1425 1085 ol

338 1113 378 1167 37.
396 1112 479 1158 Sedne
490 1110 583 1163 relictis,
594 1109 665 1155 Mass
672 1123 766 1168 procos,
773 1105 841 1167 jocis,
853 1102 906 1167 ric]
941 1111 1002 1150 tam:
1022 1104 1136 1160 Threnos,
1154 1104 1275 1160 Encomia,
1294 1106 1425 1163 Tragoedin

305 1177 344 1225 Ad
357 1177 461 1237 seipsum
478 1173 622 1221 convertitur
639 1172 767 1218 Horatius:
785 1172 840 1222 Quo
853 1173 909 1217 vero
940 1167 1068 1229 scripsisse,
1079 1170 1121 1215 &c
1156 1169 1267 1214 Meminit
1278 1177 1303 1214 et
1313 1170 1417 1215 alterius

304 1238 629 1353 diogedddddtdiildiffl?
646 1237 742 1347 idiudrir
756 1236 909 1346 aiuiiddtitdeto
940 1233 1001 1344 ccciii
1008 1233 1425 1358 ‹ildldddrirordirtdubediiulnfid‘idlotioirqii

304 1370 453 1418 recedimus?
473 1367 603 1415 Nerelictis
610 1365 736 1426 Jooiamibi
746 1364 908 1418 familiaribus,
974 1360 1084 1423 Nalm]
1119 1363 1156 1409 Ex
1179 1362 1240 1408 Non.
1264 1363 1380 1408 Marcello
1399 1378 1425 1408 cs

305 1443 330 1482 et
344 1433 468 1481 cantilenis
481 1431 562 1478 {acetis
576 1439 601 1476 et
615 1429 741 1484 amatoriis,
760 1430 791 1475 ad
802 1430 910 1489 graviora
941 1426 1096 1481 Inconditum,
1104 1428 1167 1486 quod
1180 1427 1273 1482 mulier,
1285 1427 1351 1473 dicta
1364 1430 1425 1487 prael

305 1496 708 1560 pariterartristioradedectamus:
719 1494 910 1552 Ergotenuiores
941 1491 1037 1546 bathis,
1052 1492 1137 1550 quibus
1149 1491 1248 1537 mortuis
1259 1491 1391 1551 propinqui
1408 1507 1424 1536 rr

306 1564 384 1624 potiris
394 1562 502 1608 modulos
516 1567 588 1618 atque
600 1557 717 1619 iocularia
729 1558 834 1604 carmina
844 1573 910 1604 more
923 1603 928 1612 ,
943 1556 980 1602 Ex
996 1556 1102 1602 Varrone
1122 1558 1145 1603 4.
1160 1556 1190 1601 de
1211 1556 1260 1601 vita
1280 1557 1364 1617 populi
1388 1557 1425 1602 Ro

307 1635 387 1673 nostro
397 1633 565 1672 consectemur.
598 1624 669 1669 Certe
678 1622 765 1669 leviora
773 1622 910 1669 istamirrorl
942 1620 1011 1666 tibias
1020 1629 1044 1667 et
1057 1621 1115 1667 tides
1130 1620 1219 1666 carrmri
1232 1622 1329 1667 solebat.
1347 1621 1425 1667 Cice

306 1692 411 1752 periculo
421 1688 580 1734 tractabimus.
942 1685 1017 1732 nol.
1050 1686 1224 1741 Honoratoram,
1233 1685 1319 1744 inquit,
1330 1688 1425 1732 moran

340 1756 380 1802 38.
399 1754 450 1800 Ceae
458 1747 658 1812 anseromia]
687 1751 818 1797 Luctuosus
830 1765 910 1798 versus
942 1752 1217 1802 modnoenemorsstars
1229 1765 1313 1811 eaeque
1325 1753 1425 1796 adeam

307 1820 373 1866 velut
394 1818 481 1865 inditos
502 1822 516 1864 a
538 1816 623 1864 Naeuii
643 1817 709 1870 Deir
734 1817 764 1862 de
786 1818 834 1876 qui
853 1817 910 1863 coet
943 1817 1015 1861 einen
1033 1821 1208 1876 proreqasatur,
1226 1817 1264 1860 cai
1281 1831 1362 1861 nomen
1381 1816 1425 1860 Na

309 1885 411 1944 Bhodig.
427 1884 467 1929 lib.
481 1884 520 1931 29.
536 1897 586 1943 cap.
603 1882 625 1929 a
641 1882 679 1928 vel
694 1882 794 1940 lugubre
809 1896 912 1938 carmen,
944 1881 1056 1935 modulo,
1071 1882 1140 1926 enarr
1159 1880 1237 1926 Greci
1252 1886 1334 1926 cantu
1349 1881 1425 1940 lagab

308 1951 372 2010 quod
379 1950 469 2011 primus
476 1948 568 1994 invexit
578 1947 676 2008 Lyricus
687 1947 759 1993 Poeta
771 1946 912 2001 Simonides,
944 1951 1007 1990 aaut.

308 2015 466 2062 eCeainsuls
477 2014 599 2064 oriundus,
613 2027 667 2072 quoe
677 2026 724 2058 una
739 2016 753 2058 e
769 2012 912 2071 Cycladibus
978 2009 1016 2056 39.
1035 2008 1125 2055 Mecum
1144 2008 1238 2056 Dionae
1257 2009 1301 2054 rab
1321 2006 1413 2069 antra]

308 2087 351 2126 est.
386 2080 455 2125 ovid.
468 2079 512 2138 Ep.
522 2079 561 2132 20,
572 2078 628 2123 222.
945 2074 1094 2120 modulemur
1108 2073 1220 2128 murrina,
1234 2073 1259 2119 id
1274 2082 1318 2128 est,
1333 2074 1424 2119 Amato‘

343 2145 450 2205 Cingitur
461 2144 536 2202 AEgeo
546 2144 633 2187 nomine
645 2140 692 2184 Cen
702 2140 769 2184 mari.
946 2153 1024 2194 nerea,
1035 2145 1062 2184 ut
1070 2138 1127 2193 dixi,
1135 2138 1170 2183 vel
1179 2137 1306 2184 sortassein
1315 2139 1424 2184 bonoren

310 2207 420 2253 Doricam
433 2206 473 2251 ille
484 2213 578 2251 secutus
589 2211 625 2249 est
637 2203 777 2247 Disiectum.
812 2202 913 2252 Quintil.
946 2204 986 2262 qui
998 2204 1062 2248 ducit
1073 2217 1148 2262 genus
1162 2203 1288 2258 dVenere,
1300 2206 1368 2262 cujus
1378 2213 1425 2249 mat

308 2271 348 2316 lib.
368 2270 405 2316 lo.
424 2284 473 2328 cap.
494 2269 514 2314 l.
533 2268 566 2313 sic
584 2268 668 2313 habet:
686 2267 813 2312 Simonide
831 2269 912 2323 tennis,
945 2283 999 2313 nem
1011 2269 1113 2313 celebrat
1125 2268 1221 2313 Homer.
1235 2268 1302 2313 iliad
1313 2270 1335 2313 5.

308 2335 394 2393 alioqui
403 2347 502 2378 remoue
510 2334 610 2391 proprie,
621 2337 645 2378 et
653 2330 802 2391 jucunditate
813 2333 913 2390 quddam
977 2333 1016 2377 40.
1034 2333 1129 2378 leviore
1137 2330 1243 2392 plectro]
1262 2331 1425 2391 Stylomedio(

308 2399 459 2444 commendari
476 2402 569 2455 potest.-
583 2398 702 2454 praecipmr
723 2401 798 2440 tomen
815 2394 865 2455 ejus
889 2399 913 2442 ta
945 2396 1041 2455 quidem
1053 2396 1155 2450 sublimi,
1166 2405 1190 2442 et
1200 2397 1295 2442 heroico
1307 2409 1383 2448 versu,
1396 2396 1425 2440 Tr

307 2462 463 2508 commovenda
479 2461 622 2506 miseratione
640 2461 720 2515 virtus,
735 2465 761 2504 at
778 2462 871 2520 quidam
888 2462 913 2506 ia
945 2461 1089 2507 scribitznos
1099 2469 1178 2507 autern
1187 2461 1268 2507 leviori
1277 2462 1425 2507 decetcsner

485 2644 582 2710 ODE
608 2644 654 2710 11.
699 2644 762 2709 AD
786 2644 823 2711 C.
846 2645 1141 2711 SALLUSTIUM
1166 2645 1385 2711 CRISPUM.

311 2818 1059 2904 Divitiornmnonpoasessio,redcontemptasac
1067 2817 1317 2883 ambitausus
1325 2819 1425 2883 ῠεαέιη

344 2984 365 3029 0
382 2982 477 3028 Sallusti
495 2982 584 3041 Crispe,
601 2981 641 3040 ‘111¹
660 2995 728 3027 Μῖ-
739 2978 879 3042 Nurrus
894 2989 1022 3062 argento
1036 2977 1123 3042 color
1137 2991 1195 3055 est,
1212 2980 1310 3043 avaris

308 3045 728 3170 ffifflffipffiffffiffbz}
739 3063 864 3127 Abditae
879 3067 968 3128 terris
984 3065 1107 3128 inimice
1122 3063 1243 3141 lamnae,

309 3177 387 3222 ulrum
418 3175 575 3238 splendorem,
608 3172 654 3219 uter
682 3187 728 3218 usu
739 3149 850 3234 Crispe
862 3149 1000 3226 Sallusti,
1015 3150 1076 3213 nisi
1090 3162 1260 3235 temperato

794 3285 1063 3335 ANNOTATIONES.

343 3377 447 3424 Metram
458 3377 522 3423 idem
533 3376 596 3437 quod
608 3379 678 3437 supra
691 3375 742 3421 Ode
750 3376 773 3421 2.
784 3375 825 3421 lib.
838 3373 860 3421 l.
979 3373 1093 3438 baram]
1127 3376 1233 3432 Lamina,
1245 3383 1269 3422 et
1280 3390 1321 3436 per
1330 3376 1425 3437 Syncopr

345 3440 366 3487 l.
384 3441 470 3488 Nullos
486 3449 581 3502 argento
597 3443 657 3488 color
673 3446 714 3494 est,
730 3436 782 3503 ξε]
818 3439 914 3500 Siquid
946 3440 1003 3487 ltem
1014 3441 1114 3496 lamella,
1130 3444 1225 3487 bractea
1240 3449 1276 3487 est
1293 3456 1333 3486 seu
1344 3451 1419 3487 crusta

310 3503 383 3549 babet
400 3507 500 3564 pecunia
517 3507 607 3562 nitoris,
629 3506 654 3552 id
670 3520 739 3552 omne
759 3513 882 3552 mutuatur
899 3510 915 3552 a
947 3520 1011 3561 auro,
1021 3515 1126 3565 argento,
1137 3506 1213 3552 aliove
1225 3507 1334 3560 metallo;
1349 3507 1425 3565 ponitu

310 3575 437 3613 rectousu
471 3569 914 3631 Quapropter,OSallrrsti‚jureinirni-
946 3570 1054 3630 pecunia.
1089 3570 1199 3629 Suntqui
1210 3578 1294 3631 putent
1308 3571 1377 3616 alludi
1393 3573 1422 3616 ad

311 3646 353 3678 cua
364 3647 389 3677 es
398 3632 434 3688 iis,
446 3633 486 3692 qni
497 3648 553 3693 opes
562 3649 616 3679 suns
627 3643 695 3679 terne
707 3635 826 3680 infodiunt
837 3644 862 3681 et
872 3636 914 3681 ab·
947 3636 1070 3680 lactionum
1077 3637 1100 3681 in
1111 3636 1247 3681 Consanum
1255 3636 1338 3695 Alpino
1344 3642 1416 3681 tractu

310 3696 435 3752 scondunt,
453 3712 510 3743 auro
525 3705 550 3743 et
566 3706 664 3757 argento
682 3712 729 3744 non
746 3707 846 3754 utentes,
862 3714 915 3758 quse
947 3699 981 3745 tio
997 3699 1100 3760 primum
1122 3700 1240 3746 effossum
1263 3699 1321 3745 Prin.
1337 3700 1375 3744 lib.
1392 3700 1422 3746 34

310 3767 390 3805 tamen
399 3769 454 3806 sunt
465 3762 580 3807 duntaxat
590 3762 621 3807 ad
634 3776 704 3807 usum
715 3762 783 3808 lacta.
818 3763 914 3809 Aristot.
949 3763 1081 3822 Argentum
1098 3764 1123 3809 in
1138 3765 1232 3809 laminis
1244 3764 1328 3810 senari
1343 3765 1425 3824 pridem

313 3823 424 3870 athies.
449 3820 478 3871 '0
491 3824 601 3881 πλοῦτος
614 3820 634 3870 d'
642 3823 761 3872 dorrroiv
774 3826 914 3888 χρησίμων.
948 3827 1026 3873 innuit
1035 3829 1123 3874 Seneca
1135 3829 1164 3874 de
1173 3828 1227 3874 vita
1237 3830 1316 3882 Beata,
1324 3843 1371 3889 cap.
1380 3829 1416 3875 21.

312 3889 390 3948 Cyrus
413 3891 476 3949 apud
501 3890 651 3950 Xenophont.
686 3890 792 3938 Pacuuii-s
817 3894 914 3938 urimini.
948 3894 1136 3948 Saecalams‘llad,
1149 3896 1174 3939 ia
1190 3910 1234 3954 quo
1246 3895 1370 3940 &moriam
1385 3896 1425 3940 crit

312 3953 375 4000 Nom
389 3955 414 3999 ln
430 3961 515 4001 terram
529 3957 587 4001 satis
602 3957 634 4001 sit
648 3971 740 4014 empore
758 3955 848 4014 diffindi,
865 3961 915 4002 crim
944 3972 1025 4016 panca
1034 3961 1125 4018 argenti
1135 3959 1238 4004 nmeuae.

311 4020 405 4079 quisquc
423 4019 586 4065 demolierit.
621 4019 724 4065 Cassiod
740 4020 780 4065 lib.
798 4020 820 4066 4.
840 4020 914 4080 Epist.
980 4021 1003 4067 a
1023 4019 1227 4085 CrispeSallurti.]
1257 4024 1282 4069 C.
1295 4021 1421 4068 Sallustium

311 4081 351 4129 ³4.
384 4082 681 4129 Dicitisourioenarimilis
691 4090 725 4130 ert
735 4086 830 4146 reliqua
839 4092 914 4141 terrm
947 4099 1027 4131 rerum
1054 4087 1215 4134 Romanorum
1245 4089 1374 4149 scriptorem
1403 4088 1425 4133 in

310 4148 332 4193 ri
333 4144 415 4208 jaceat
421 4164 430 4198 ,·
442 4161 484 4192 ura
492 4150 574 4194 crescit
584 4149 725 4207 adpretiam.
947 4149 1061 4195 hactenus
1068 4165 1150 4196 ornnes
1161 4152 1210 4198 fere
1216 4153 1425 4212 postrlcronemintr

343 4211 367 4258 2.
383 4208 499 4272 Abdum]
524 4211 571 4257 Atii
583 4212 666 4271 legunt
675 4214 759 4258 abdito.
789 4213 835 4259 Sed
844 4227 914 4272 quor·
949 4217 1031 4259 verum
1050 4218 1110 4260 bene
1132 4216 1269 4262 Torrentius
1287 4225 1425 4277 temporumt

310 4276 485 4322 sumtantaei
500 4275 644 4321 delectione
661 4277 788 4332 contentio,
804 4279 859 4322 cum
874 4292 916 4338 psr
949 4278 1014 4324 haud
1031 4279 1155 4326 convenire
1173 4282 1324 4326 subodoratus
1340 4289 1378 4326 est.
1411 4282 1425 4327 E

312 4341 424 4401 utrinque
438 4355 520 4386 sensus
536 4340 674 4386 exoriatur?
692 4342 715 4386 A
717 4343 786 4388 bditae
801 4345 857 4388 verb
874 4357 916 4388 seu
949 4343 979 4388 de
989 4343 1098 4389 restituto
1106 4345 1130 4389 in
1138 4360 1239 4404 regnum
1248 4346 1341 4391 Phraate
1350 4359 1398 4390 mor
1411 4347 1425 4390 b

312 4403 338 4450 in
349 4405 435 4451 fodinis
449 4409 465 4451 a
481 4406 574 4461 naturi,
591 4419 633 4450 reu
649 4404 675 4450 ln
689 4405 794 4452 cavernis
809 4413 833 4451 et
845 4414 914 4452 terrra
947 4408 1011 4467 quod
1028 4408 1117 4467 aliquot
1136 4418 1189 4469 post
1207 4410 1324 4455 Actiacam
1339 4409 1425 4454 n'ctoris

311 4469 589 4517 latebrisabhominibua
597 4469 681 4526 avaris,
690 4470 812 4519 thesauros
823 4479 850 4519 ut
860 4473 913 4534 plu·
946 4471 1052 4532 contigit.
1087 4474 1140 4520 Non
1155 4474 1229 4534 igitur
1240 4475 1322 4536 scripta
1335 4482 1367 4520 est
1382 4474 1425 4519 bac

312 4533 399 4581 dmum
410 4535 513 4585 defossos
524 4535 717 4585 custodientibus.
946 4536 1014 4584 illum
1026 4537 1171 4595 Sallustium,
1182 4540 1223 4599 qui
1235 4542 1294 4588 dien
1303 4540 1381 4587 oberat
1389 4554 1425 4600 qar
