3059 4984
419 246 678 317 CARMINUM
703 251 848 321 LIBER
872 254 940 323 ΙΙΙ.
963 258 994 324 5.
1266 262 1328 327 167

77 378 269 468 Persasque
283 393 385 461 natos,
401 396 438 449 ut
451 387 561 471 capitis
578 388 689 468 minor,
910 403 981 455 sique
993 395 1084 452 fl¹¹⁰¹0s
1097 405 1121 442 ‘t
1131 396 1215 444 taciem
1225 413 1326 458 genero·

125 468 178 533 Ab
193 491 228 534 se
242 471 420 553 removisse,
435 484 468 538 et
482 472 600 538 virilem
908 476 959 572 ξω
986 461 1053 573 (θὲθῐ
1078 462 1103 507 ῑ“
1123 465 1186 573 “pi
1207 464 1325 522 debrias,

938 541 984 585 que
1023 541 1062 572 um
1090 541 1140 573 vocs
1159 536 1226 575 antes
1250 531 1324 577 Sena·

171 553 295 622 Torvus
310 555 397 622 humi
412 560 554 642 posuisoe
571 559 711 640 Villiumt
908 598 970 637 tores
981 606 1063 638 suasor
1081 592 1230 640 confirmaret
1246 595 1323 641 moni·

78 639 197 706 Donec
211 641 352 708 labantes
364 644 495 710 consilio
509 658 613 731 patres
852 650 897 715 45
908 655 972 703 none
994 657 1058 703 nsua
1080 672 1185 718 unquam
1204 660 1276 714 rsa,
1300 667 1324 706 et

79 726 238 794 Firmeret
251 741 360 795 auctor
374 753 533 816 nunquam
546 732 625 798 aliis
640 733 725 812 dato,
907 722 1202 835 fiffidffffisfflff
1217 725 1324 837 ‘mii

124 812 458 916 interque-moerentes
474 820 591 885 amicos
907 859 986 899 omen
1004 867 1057 913 qus
1078 852 1121 899 nn
1141 860 1255 901 susem
1275 854 1322 901 nn-

167 899 327 986 Egregrus
342 917 523 989 properaret
536 905 621 971 exul.
905 917 982 963 manis

77 985 178 1072 Atqui
192 989 311 1054 sciebat
325 1012 396 1073 quae
411 992 472 1056 sibi
487 992 637 1057 barbarus

568 1122 838 1170 ANNOTATIONES.

75 1205 138 1253 ane
148 1208 244 1254 batem
251 1211 367 1270 geminum
377 1215 482 1256 mmmm
492 1210 584 1259 Martia
590 1215 685 1275 pigass,
751 1215 851 1261 Comitio
862 1229 976 1276 uurpaam
983 1216 1044 1262 alias
1051 1212 1125 1277 data]
1161 1216 1190 1263 ln
1201 1217 1320 1278 proprium

76 1269 164 1333 isiciis
173 1275 248 1320 sissia
258 1276 337 1336 stagni
344 1275 429 1322 uirtute
436 1278 516 1323 mariti
717 1293 803 1340 nempe
819 1278 856 1325 sui
869 1279 1005 1340 perniciem,
1017 1280 1089 1327 solius
1100 1281 1208 1328 utilitatis
1219 1282 1319 1342 publice

76 1337 226 1398 &utare-
235 1339 353 1387 crirsesset
362 1342 441 1388 tricus
452 1341 570 1389 lacerabat
579 1344 683 1400 amictas,
717 1344 799 1390 habim
817 1344 922 1391 ratione:
946 1345 986 1405 pit
1007 1345 1080 1392 etiam
1101 1345 1184 1393 frende
1206 1362 1270 1402 usus,
1292 1355 1320 1394 ut

81 1434 682 1456 ......................................
716 1423 798 1470 paoem
815 1418 839 1456 et
855 1409 1001 1470 captivorum
1017 1411 1215 1471 pennutntionem
1226 1411 1319 1458 dissua-

75 1469 155 1529 Atqse
172 1484 201 1515 sa
208 1475 334 1579 postqum
349 1472 430 1517 babitu
441 1469 516 1533 justa
532 1479 556 1519 et
573 1474 683 1522 ortamine
716 1475 792 1520 deret.
825 1475 886 1521 Nem
898 1475 1030 1531 affirmarit,
1043 1476 1156 1523 Venenum
1163 1477 1209 1523 sibi
1219 1477 1318 1524 Cartba-

231 1550 282 1580 oaso
713 1541 830 1600 gimeusm
839 1541 937 1595 dedisse
948 1556 992 1587 rios
1001 1549 1191 1601 praemoneam,
1202 1542 1244 1589 sed
1255 1541 1317 1604 ejus·

75 1594 382 1661 Mummpesitjusis
392 1600 519 1649 ululatibus
528 1617 593 1664 agra
715 1607 783 1659 modi,
803 1606 864 1665 quad
887 1612 980 1652 mortem
1001 1608 1026 1652 iu
1052 1608 1111 1653 diem
1135 1604 1265 1668 prm'errets
1292 1623 1318 1654 eo

75 1662 318 1725 habitumetgciidos
328 1667 406 1712 mortis
416 1667 476 1713 color
487 1674 664 1728 occupatorias.
715 1671 809 1717 cmssiiio
829 1676 855 1716 ut
875 1672 959 1716 uiseret
984 1672 1076 1732 quidem
1100 1673 1220 1732 tantisper,
1241 1673 1317 1734 quoad

74 1759 95 1774 ..
320 1763 391 1777 ....
708 1735 1317 1797 fieretpermutatiorpostautemgrassaateseusim

146 1827 269 1842 ........
274 1810 308 1840 sne
318 1810 370 1842 oues
380 1798 459 1856 quietd
713 1814 804 1854 cenem,
819 1815 857 1845 eor
867 1802 1000 1847 tabesceret.
1034 1801 1126 1848 Gellius
1136 1811 1218 1848 auctor
1228 1811 1265 1848 est
1274 1803 1315 1849 lib.

75 1857 178 1916 Δίωνι,
183 1857 256 1919 jubet
265 1866 288 1907 et
298 1867 390 1914 vestrm,
401 1868 424 1908 ct
434 1860 538 1924 conjugis
549 1865 595 1909 aad
713 1863 737 1910 6.
749 1880 800 1925 cap.
812 1865 834 1910 t.

74 1923 297 1984 Areeresmpisrus.
339 1925 410 1973 Patet
419 1928 599 1988 impenetrabilis
609 1929 648 1975 iile
746 1929 786 1975 tit
803 1930 919 1991 Egregius
934 1936 1071 1989 properaret
1090 1926 1163 1990 erut]
1198 1930 1315 1991 Egregius

76 1987 196 2042 lectibus,
208 1989 248 2052 sic.
712 1998 771 2040 sane
781 2001 806 2039 et
816 1993 942 2053 singularis
953 1995 1016 2048 exul,
1029 1993 1070 2053 qui
1081 1996 1157 2054 patrii
1168 2010 1247 2041 carere
1258 2011 1314 2041 con-

108 2053 147 2099 42
170 2055 202 2100 Ut
216 2056 301 2115 capitis
311 2050 404 2117 asinam]
441 2055 524 2117 Capite
539 2056 679 2115 diminutus,
712 2058 820 2115 senserit,
832 2058 935 2104 caritatis
952 2058 1133 2118 paniaegrand,
1151 2060 1241 2119 quique
1252 2061 1315 2107 ultro

74 2116 100 2162 id
110 2126 155 2173 est,
165 2121 258 2165 munti
274 2127 337 2167 sorte
354 2127 379 2167 et
397 2121 546 2168 conditione:
564 2123 619 2168 Jsm
631 2138 679 2170 non
711 2137 756 2170 sua
774 2124 855 2170 omnia
872 2125 997 2178 desereret,
1014 2124 1096 2169 salutis
1117 2124 1217 2185 publica
1236 2127 1324 2173 musi..

73 2182 132 2230 tisis
143 2184 276 2240 Romanus,
287 2186 376 2232 nedum
385 2187 495 2241 Senatum
506 2187 679 2236 scilicetl'sctus
712 2188 751 2234 Ad
772 2191 839 2249 cnjus
862 2189 997 2249 exemplum
1019 2188 1109 2234 illustre
1130 2196 1212 2249 postca
1231 2190 1313 2236 decem

73 2251 89 2294 e
104 2248 179 2295 libero
195 2264 286 2305 servus,
298 2265 328 2296 ex
341 2251 485 2312 Imperatore
502 2262 527 2299 et
544 2252 611 2299 Duce
622 2268 677 2314 esp·
712 2253 850 2300 nobilissimi
862 2253 948 2314 captivi
966 2255 995 2299 nb
1013 2253 1147 2300 Hannibale
1158 2255 1188 2300 ad
1200 2255 1313 2301 Senatum

74 2312 136 2358 tim
158 2315 399 2375 Carthaginiensium.
439 2317 529 2378 Capitis
551 2318 678 2365 diminutio
710 2318 843 2379 missi,post
850 2320 1000 2364 Cannensem
1009 2333 1121 2379 pugnum,
1130 2319 1203 2379 J'ursti
1214 2334 1240 2365 se
1249 2320 1311 2366 redi-

74 2385 171 2424 socstnr
186 2380 275 2441 prioris
292 2384 366 2427 emtus
383 2381 490 2428 mutatio.
525 2383 678 2442 Caputenim
711 2390 783 2438 turos,
805 2384 851 2430 nisi
873 2384 902 2429 de
921 2383 1065 2430 redimendis
1084 2383 1182 2444 captivis
1199 2384 1311 2445 impetra·

71 2450 161 2490 smum
171 2444 297 2503 significet.
326 2446 375 2493 Cic.
387 2447 446 2508 Tap.
480 2448 507 2494 Si
516 2449 677 2495 mulieriesta-
709 2448 806 2505 sissent,
823 2463 848 2494 re
866 2463 913 2494 non
930 2448 1055 2508 impetrati
1070 2448 1158 2495 reversi
1174 2456 1236 2495 sunt
1276 2450 1312 2497 De

72 2508 340 2572 nauseamque
351 2514 426 2573 capite
437 2528 551 2574 nunquam
562 2513 677 2571 diminuit,
709 2514 796 2573 quibus
807 2528 854 2560 non
865 2528 946 2560 omnes
956 2528 1003 2559 uno
1014 2514 1091 2559 modo.
1126 2514 1187 2560 Nam
1200 2515 1312 2574 Polybius

72 2573 98 2619 id
108 2584 151 2630 est,
162 2590 218 2636 que
228 2591 272 2636 per
282 2577 417 2637 conjugium
427 2577 453 2623 in
465 2577 508 2624 viri
520 2593 618 2624 manum
629 2594 677 2625 non
709 2580 785 2624 bonus
796 2587 877 2625 auctor
891 2577 916 2624 in
933 2578 1016 2639 primis
1032 2578 1119 2634 scribit,
1137 2594 1222 2625 novem
1237 2594 1267 2625 ex
1282 2580 1312 2626 iis

71 2641 190 2686 morenis
225 2640 291 2687 Paul.
312 2642 397 2689 Jarisc.
433 2643 490 2689 Tria
510 2650 570 2698 sumt,
591 2643 676 2703 inquit,
708 2642 846 2690 revertisse:
864 2658 938 2688 unum
949 2643 1169 2703 verbpersrandem
1180 2652 1204 2690 et
1214 2644 1311 2693 sculum

70 2719 122 2765 qu
137 2707 254 2761 habemas,
269 2708 405 2762 libertatem,
418 2709 540 2762 ciuitatem,
550 2705 675 2768 janubam.
708 2708 1222 2768 calliditatemquasiJureJurandoliberatum
1228 2709 1310 2755 Romae

72 2770 130 2815 Ch
146 2772 197 2817 boe
207 2773 333 2818 amcam
343 2774 442 2819 marimo
455 2779 491 2820 est
507 2775 590 2833 capitis
607 2775 675 2821 dimi·
708 2774 862 2819 remansisse:
880 2788 951 2832 quem
963 2773 1048 2818 deinde
1060 2781 1155 2818 senatus
1163 2773 1268 2819 vinctum
1279 2776 1310 2820 sd

69 2837 141 2881 ntis.
176 2836 676 2893 Crlmamittimssseioitatem,etlibertatem
709 2837 869 2884 Hannibalem
886 2837 939 2882 duci
952 2836 1031 2896 jussit.
1066 2838 1124 2882 llaec
1135 2845 1159 2882 et
1169 2838 1215 2883 alia
1226 2839 1274 2884 Cic.
1285 2839 1309 2885 3.

68 2903 201 2956 naum,
217 2904 294 2949 stedia
304 2909 339 2950 est
349 2903 477 2950 diminutio.
510 2904 615 2964 Denique
625 2909 676 2951 enm
708 2904 775 2949 Offic.
787 2918 810 2948 n.
824 2901 878 2948 113.
912 2902 996 2948 Florus
1009 2903 1061 2961 jam
1077 2901 1115 2947 cit.
1132 2901 1172 2947 lib.
1189 2903 1210 2948 2
1223 2917 1272 2962 cup.
1285 2904 1308 2949 2.

68 2965 199 3013 msam
215 2973 239 3012 et
255 2969 369 3015 ciuitatem
380 2966 610 3029 mammanjamttta
623 2974 676 3017 sert
706 2969 754 3014 Sed
763 2969 803 3014 ille
811 2969 901 3029 quidem
909 2973 1033 3027 partaatae
1041 2967 1169 3012 calamitati
1170 2962 1228 3025 fuit.
1246 2967 1309 3013 Nam

66 3032 115 3077 seia
121 3037 226 3092 petatem
240 3030 311 3092 (puta
328 3047 370 3093 per
381 3031 543 3093 adoptionem)
559 3040 594 3080 est
606 3035 675 3081 dimi-
706 3048 748 3080 nec
757 3034 845 3079 Punico
855 3048 946 3080 carcere
954 3029 1068 3092 infractus
1078 3038 1129 3084 ert,-
1145 3046 1186 3077 aec
1196 3032 1308 3092 legatione

67 3098 229 3156 utiscapitis
239 3099 338 3144 miramo.
373 3098 411 3144 Ex
428 3098 466 3144 his
479 3098 619 3159 intelligitur
634 3114 676 3146 cur
705 3102 819 3159 siuceptd.
854 3099 943 3158 Quippe
957 3099 1047 3144 diuersa
1061 3100 1129 3157 qudm
1144 3097 1309 3143 maridaverart

66 3162 128 3206 servi
141 3176 192 3207 non
200 3161 289 3209 hebere
300 3169 378 3224 caput,
388 3177 432 3209 nec
443 3163 544 3209 diminui
553 3164 629 3224 capite
638 3165 674 3211 di·
706 3165 788 3218 bostes,
807 3165 895 3210 meruit
901 3181 910 3215 ,·
927 3178 955 3209 ae
968 3178 1017 3223 par
1026 3163 1102 3222 fieret,
1121 3178 1149 3208 nc
1166 3164 1309 3208 commutatio

66 3235 166 3273 nonar:
185 3226 342 3286 quianullum
354 3236 442 3274 statum
453 3228 548 3284 habent,
557 3229 673 3286 videlicet,
706 3232 845 3290 captivorum
853 3230 1000 3288 reciperetur.
1034 3227 1080 3273 Sed
1087 3227 1309 3273 aecaatuntarioilta

67 3306 146 3351 oeque
156 3291 303 3348 libertatem,
317 3307 395 3353 neque
407 3293 534 3349 civitatem,
550 3308 593 3340 nec
604 3294 673 3341 fami·
706 3295 738 3340 ad
746 3296 821 3340 baites
835 3295 920 3349 reditu,
937 3309 979 3340 aee
995 3292 1074 3338 uana
1089 3294 1136 3338 siue
1153 3292 1251 3337 carceris
1260 3294 1307 3338 riae

66 3356 130 3403 liam.
166 3357 231 3403 Vide
242 3358 301 3404 Coel
313 3357 415 3418 Rhodig.
428 3359 468 3404 lib.
479 3359 519 3405 25.
530 3373 580 3418 cap.
593 3359 632 3406 23.
705 3361 780 3406 crucis
797 3360 907 3419 supplicio
924 3354 1050 3418 deformata
1067 3355 1192 3417 majestas5
1209 3358 1253 3401 imo
1271 3358 1307 3403 liis

98 3422 139 3468 ⁴5.
157 3422 240 3468 Dosse
249 3423 352 3470 labantes
360 3424 452 3471 emata
458 3429 539 3484 patres
548 3424 673 3480 Fismaret,
705 3426 807 3470 omuibus
817 3423 982 3478 admirabilior,
997 3422 1054 3483 quid
1068 3422 1135 3467 atiud
1150 3423 1218 3481 quam
1234 3422 1307 3468 nictus

66 3484 119 3548 ba]
155 3487 265 3535 lacertos
279 3489 367 3535 etenim
383 3489 441 3548 quid
455 3490 672 3536 statuerentSena·
705 3489 874 3542 deoictoribus,
892 3494 961 3547 atque
973 3489 1050 3540 etiams,
1065 3488 1121 3547 quia
1136 3486 1253 3547 Carthago
1263 3502 1307 3534 aaa

66 3559 129 3598 tores
139 3551 193 3612 ipse
197 3554 396 3611 ,imminuam
402 3561 427 3600 et
434 3554 671 3614 compulittrsduxit-
704 3561 811 3609 cesserat,
822 3550 954 3613 desertura
963 3552 1127 3611 triumpbauit?

66 3631 112 3676 qne
130 3616 157 3662 in
172 3617 325 3665 ntilhsimsm
337 3619 490 3680 Reipublicae,
508 3619 615 3679 quamvls
626 3620 671 3666 sibi
737 3619 776 3666 ts.
793 3619 868 3680 Atqui
876 3619 1028 3678 sciebatque,
1040 3613 1092 3678 isc]
1127 3615 1175 3661 Cic
1187 3613 1264 3676 Epist.
1275 3617 1306 3663 ud

64 3696 172 3738 mvesn,
191 3683 342 3730 mutantium.
383 3684 431 3730 Cic.
454 3683 477 3731 3.
497 3684 563 3731 offic.
586 3700 609 3731 n.
631 3686 671 3734 99.
705 3683 789 3730 Famil.
801 3683 841 3729 lib.
856 3682 879 3729 li
896 3682 972 3743 Epist.
988 3681 1010 3728 6.
1027 3682 1057 3728 de
1071 3680 1148 3741 seipso
1162 3680 1196 3726 ita
1210 3680 1305 3727 scribit:

66 3748 124 3793 Chr
133 3748 240 3808 mgsus
248 3750 449 3796 iteramcomiin
455 3745 539 3810 Africa
547 3765 575 3797 er
581 3752 672 3798 insidiis
708 3749 741 3796 Ut
756 3752 782 3795 ia
790 3746 884 3810 sabulis
893 3749 1056 3809 Amphiaraus,
1067 3749 1100 3794 sic
1115 3762 1157 3807 ego
1164 3748 1267 3806 perideus
1282 3753 1306 3794 et

64 3819 147 3872 captus
156 3811 328 3874 met,jrsratas
338 3816 419 3862 misma
429 3821 464 3862 est
477 3816 510 3861 ad
519 3816 635 3871 Senatum
646 3822 672 3862 ut
703 3817 778 3860 scieris
785 3816 813 3861 de
819 3821 885 3875 peste
894 3820 947 3860 aste
958 3813 1032 3859 ocutus
1039 3814 1173 3873 positarum
1181 3808 1305 3872 prosternis.

64 3879 207 3924 sisirsdditi
216 3880 376 3927 msti'oesis
382 3882 467 3941 captiui
475 3881 562 3928 mobiles
571 3882 671 3941 quidam,
705 3879 741 3925 De
753 3879 846 3940 Regulo
854 3881 910 3926 verb
920 3878 959 3925 cit.
972 3879 1038 3924 Offic.
1047 3877 1070 3924 a
1104 3877 1187 3938 Neque
1197 3880 1250 3923 cert
1258 3883 1306 3922 tum

63 3944 153 3990 mins
170 3945 221 4004 ipss
239 3945 492 4007 Carthaginem....1s
509 3950 560 3992 cim
577 3945 672 3992 Romam
704 3946 834 4006 ignorabat,
851 3945 924 3992 read
938 3943 1118 3990 crudelissimum
1127 3943 1220 3997 bostem,
1236 3948 1259 3989 et
1273 3943 1307 3987 ad

64 4010 255 4054 metuet....in
267 4011 376 4057 mum
386 4013 463 4058 asab.-
479 4011 588 4057 mandata
603 4026 671 4071 erpo·
704 4010 1070 4071 exquisitamppliciaproficisci.
1097 4007 1176 4053 Valet.
1187 4007 1252 4051 Max.
1263 4005 1304 4052 lib.

63 4075 128 4118 seit.-
145 4076 546 4123 mmtiamsedteerctrecusauit:
563 4077 672 4137 quamdiu
705 4072 727 4120 l.
738 4089 789 4135 esp.
803 4074 824 4120 l.
858 4072 1306 4136 Regulusesrictorespeciasissimoad

57 4134 218 4198 jurejurando
227 4140 322 4186 measa
333 4147 456 4195 humetur,
467 4142 671 4187 amesseSenato-
703 4141 855 4186 miserabilem
876 4141 962 4199 captiui
981 4134 1102 4199 fortunam
1120 4138 1266 4183 deductas...
1277 4168 1299 4182 ..

63 4217 131 4254 rsus
156 4204 228 4250 rasti
243 4208 345 4265 captisas
359 4209 453 4268 regessit
470 4221 519 4252 esse
538 4207 602 4261 utile,
621 4207 672 4252 illos
705 4203 1243 4266 Cartbagiaemrepetiit,nouigaarusndqudm
1251 4215 1305 4246 cru-

63 4270 123 4314 ssiss
134 4269 290 4317 adolescentes
303 4286 351 4318 esse
366 4277 390 4318 et
405 4274 471 4319 bonos
487 4272 572 4317 duces:
588 4286 637 4319 essa
646 4287 671 4318 se
703 4271 773 4325 deles,
784 4274 894 4331 quemque
905 4271 975 4317 etiam
989 4271 1070 4316 merito
1084 4268 1129 4314 sibi
1140 4264 1234 4327 infestos
1244 4264 1306 4310 Deos

58 4331 111 4391 jn
121 4331 251 4393 wama·
261 4342 382 4383 maetam.
417 4335 490 4398 Cujus
501 4340 552 4383 cum
562 4337 671 4383 natumset
703 4343 863 4382 reverteretur.
1269 4392 1275 4403 ·

61 4401 294 4460 mitcsssptisi
304 4404 388 4448 retesti
399 4408 467 4448 runt.-
483 4404 532 4462 ipse
545 4401 670 4463 Carthagi·
737 4402 795 4451 Qum
803 4402 849 4446 sibi
860 4401 973 4446 barbaras
986 4398 1068 4444 Tortor
1075 4391 1199 4455 pararet]
1211 4389 1307 4441 Tullius

63 4464 215 4510 mandit..
226 4496 232 4510 .
242 4479 277 4511 .n.
288 4464 342 4513 llll.
375 4457 471 4514 Sesatai
480 4468 671 4526 risiipseauctor
703 4465 728 4511 in
747 4467 864 4520 Pisonem,
876 4481 899 4511 n.
911 4463 951 4510 to
985 4464 1019 4509 Μ.
1031 4460 1145 4520 Regrilam
1156 4459 1271 4516 illigatum
1283 4461 1308 4505 tn

58 4524 152 4584 sinet·
166 4531 256 4589 “plici
269 4528 372 4594 prp‘cctb
385 4532 465 4580 Poerls
482 4533 568 4578 redditi
577 4538 670 4585 essertr
702 4534 808 4578 macbind
821 4531 917 4577 resectis
928 4529 1048 4588 palpebris
1061 4524 1263 4595 emungamus
1273 4526 1309 4569 ai·

64 4594 185 4641 beaw
195 4596 220 4641 iss
227 4599 308 4655 patria
319 4597 422 4659 Regulus
431 4599 561 4646 restitisset.
700 4598 798 4657 gitanda
816 4600 961 4644 secamrest.
1005 4591 1082 4638 Valet.
1108 4588 1209 4638 bissini.
1225 4585 1266 4632 lrb.
1286 4589 1310 4637 9.
