<?xml version="1.0" encoding="UTF-8"?>
<!DOCTYPE html PUBLIC "-//W3C//DTD XHTML 1.0 Transitional//EN"
    "http://www.w3.org/TR/xhtml1/DTD/xhtml1-transitional.dtd">
<html xmlns="http://www.w3.org/1999/xhtml" xml:lang="en" lang="en">
 <head>
  <title>
</title>
<meta http-equiv="Content-Type" content="text/html;charset=utf-8" />
  <meta name='ocr-system' content='tesseract 3.04.00' />
  <meta name='ocr-capabilities' content='ocr_page ocr_carea ocr_par ocr_line ocrx_word'/>
</head>
<body>
  <div class='ocr_page' id='page_1' title='image "./quintihoratiifl00dacigoog_0383.png"; bbox 0 0 3059 4984; ppageno 0'>
   <div class='ocr_carea' id='block_1_1' title="bbox 293 264 1153 338">
    <p class='ocr_par' dir='ltr' id='par_1_1' title="bbox 293 264 1153 338">
     <span class='ocr_line' id='line_1_1' title="bbox 293 264 1153 338; baseline -0.007 0"><span class='ocrx_word' id='word_1_1' title='bbox 293 273 360 338; x_wconf 71' lang='lat'>320</span> <span class='ocrx_word' id='word_1_2' title='bbox 672 266 866 334; x_wconf 83' lang='lat' dir='ltr'>DACERII</span> <span class='ocrx_word' id='word_1_3' title='bbox 892 264 1153 333; x_wconf 84' lang='lat' dir='ltr'><strong>PRAEFATIO.</strong></span> 
     </span>
    </p>
   </div>
   <div class='ocr_carea' id='block_1_2' title="bbox 292 423 1462 3191">
    <p class='ocr_par' dir='ltr' id='par_1_2' title="bbox 292 423 1462 775">
     <span class='ocr_line' id='line_1_2' title="bbox 292 423 1460 516; baseline -0.009 -17"><span class='ocrx_word' id='word_1_4' title='bbox 292 435 353 499; x_wconf 86' lang='lat' dir='ltr'>bus</span> <span class='ocrx_word' id='word_1_5' title='bbox 372 432 553 499; x_wconf 77' lang='lat' dir='ltr'>Graecorum</span> <span class='ocrx_word' id='word_1_6' title='bbox 574 429 737 516; x_wconf 65' lang='lat' dir='ltr'>Satur-icis</span> <span class='ocrx_word' id='word_1_7' title='bbox 757 427 847 494; x_wconf 68' lang='lat' dir='ltr'>valde</span> <span class='ocrx_word' id='word_1_8' title='bbox 868 427 964 494; x_wconf 84' lang='lat' dir='ltr'>luisse</span> <span class='ocrx_word' id='word_1_9' title='bbox 985 429 1112 495; x_wconf 85' lang='lat' dir='ltr'>affines:</span> <span class='ocrx_word' id='word_1_10' title='bbox 1137 427 1222 513; x_wconf 90' lang='lat' dir='ltr'>quod</span> <span class='ocrx_word' id='word_1_11' title='bbox 1241 447 1307 491; x_wconf 84' lang='lat' dir='ltr'>esse</span> <span class='ocrx_word' id='word_1_12' title='bbox 1323 423 1460 490; x_wconf 79' lang='lat' dir='ltr'>falsissima</span> 
     </span>
     <span class='ocr_line' id='line_1_3' title="bbox 292 510 1462 599; baseline -0.011 -12"><span class='ocrx_word' id='word_1_13' title='bbox 292 519 466 587; x_wconf 81' lang='lat' dir='ltr'>luculenter</span> <span class='ocrx_word' id='word_1_14' title='bbox 480 517 701 582; x_wconf 85' lang='lat' dir='ltr'>demonstravit</span> <span class='ocrx_word' id='word_1_15' title='bbox 720 515 936 593; x_wconf 76' lang='lat' dir='ltr'>casaubonus,</span> <span class='ocrx_word' id='word_1_16' title='bbox 959 517 1012 581; x_wconf 94' lang='lat' dir='ltr'>ubi</span> <span class='ocrx_word' id='word_1_17' title='bbox 1031 511 1158 581; x_wconf 73' lang='lat' dir='ltr'>docetd</span> <span class='ocrx_word' id='word_1_18' title='bbox 1178 513 1312 599; x_wconf 78' lang='lat' dir='ltr'>Satyrus</span> <span class='ocrx_word' id='word_1_19' title='bbox 1322 533 1357 575; x_wconf 82' lang='lat' dir='ltr'>ea</span> <span class='ocrx_word' id='word_1_20' title='bbox 1367 510 1462 594; x_wconf 74' lang='lat' dir='ltr'>stalogii</span> 
     </span>
     <span class='ocr_line' id='line_1_4' title="bbox 293 597 1462 689; baseline -0.009 -17"><span class='ocrx_word' id='word_1_21' title='bbox 293 607 419 672; x_wconf 79' lang='lat' dir='ltr'>formari</span> <span class='ocrx_word' id='word_1_22' title='bbox 432 627 496 670; x_wconf 90' lang='lat' dir='ltr'>non</span> <span class='ocrx_word' id='word_1_23' title='bbox 509 604 642 689; x_wconf 77' lang='lat' dir='ltr'>Satyra,</span> <span class='ocrx_word' id='word_1_24' title='bbox 658 603 713 668; x_wconf 87' lang='lat' dir='ltr'>sed</span> <span class='ocrx_word' id='word_1_25' title='bbox 724 603 888 688; x_wconf 75' lang='lat' dir='ltr'>Satyrion,</span> <span class='ocrx_word' id='word_1_26' title='bbox 904 601 1132 688; x_wconf 88' lang='lat' dir='ltr'>plurimumque</span> <span class='ocrx_word' id='word_1_27' title='bbox 1147 601 1292 665; x_wconf 75' lang='lat' dir='ltr'>interesse</span> <span class='ocrx_word' id='word_1_28' title='bbox 1305 599 1374 662; x_wconf 87' lang='lat' dir='ltr'>inter</span> <span class='ocrx_word' id='word_1_29' title='bbox 1382 597 1462 661; x_wconf 74' lang='lat' dir='ltr'>Grau</span> 
     </span>
     <span class='ocr_line' id='line_1_5' title="bbox 294 688 944 775; baseline -0.011 -16"><span class='ocrx_word' id='word_1_30' title='bbox 294 716 363 759; x_wconf 89' lang='lat' dir='ltr'>rum</span> <span class='ocrx_word' id='word_1_31' title='bbox 378 693 529 775; x_wconf 86' lang='lat' dir='ltr'>Satyrica,</span> <span class='ocrx_word' id='word_1_32' title='bbox 543 705 575 755; x_wconf 88' lang='lat' dir='ltr'>et</span> <span class='ocrx_word' id='word_1_33' title='bbox 589 688 802 755; x_wconf 85' lang='lat' dir='ltr'>Romanorum</span> <span class='ocrx_word' id='word_1_34' title='bbox 818 690 944 753; x_wconf 89' lang='lat' dir='ltr'>Satiras.</span> 
     </span>
    </p>

    <p class='ocr_par' dir='ltr' id='par_1_3' title="bbox 293 765 1462 1380">
     <span class='ocr_line' id='line_1_6' title="bbox 337 765 1462 866; baseline -0.01 -23"><span class='ocrx_word' id='word_1_35' title='bbox 337 777 546 866; x_wconf 74' lang='lat' dir='ltr'>Spauhemias</span> <span class='ocrx_word' id='word_1_36' title='bbox 558 777 591 840; x_wconf 90' lang='lat' dir='ltr'>iu</span> <span class='ocrx_word' id='word_1_37' title='bbox 608 775 741 861; x_wconf 80' lang='lat' dir='ltr'>pulchra</span> <span class='ocrx_word' id='word_1_38' title='bbox 754 773 815 840; x_wconf 78' lang='lat' dir='ltr'>sud</span> <span class='ocrx_word' id='word_1_39' title='bbox 828 775 870 840; x_wconf 93' lang='lat' dir='ltr'>ad</span> <span class='ocrx_word' id='word_1_40' title='bbox 883 773 1010 839; x_wconf 66' lang='lat' dir='ltr'>ruunt</span> <span class='ocrx_word' id='word_1_41' title='bbox 1023 771 1233 859; x_wconf 78' lang='lat' dir='ltr'>Imperatoris</span> <span class='ocrx_word' id='word_1_42' title='bbox 1250 770 1382 835; x_wconf 69' lang='lat' dir='ltr'>Cessare</span> <span class='ocrx_word' id='word_1_43' title='bbox 1393 765 1462 831; x_wconf 71' lang='lat' dir='ltr'>Pide</span> 
     </span>
     <span class='ocr_line' id='line_1_7' title="bbox 294 857 1462 950; baseline -0.009 -20"><span class='ocrx_word' id='word_1_44' title='bbox 294 866 389 942; x_wconf 89' lang='lat' dir='ltr'>tione,</span> <span class='ocrx_word' id='word_1_45' title='bbox 405 864 495 950; x_wconf 92' lang='lat' dir='ltr'>plura</span> <span class='ocrx_word' id='word_1_46' title='bbox 510 864 549 929; x_wconf 92' lang='lat' dir='ltr'>de</span> <span class='ocrx_word' id='word_1_47' title='bbox 564 885 645 928; x_wconf 86' lang='lat' dir='ltr'>novo</span> <span class='ocrx_word' id='word_1_48' title='bbox 660 864 822 927; x_wconf 83' lang='lat' dir='ltr'>observata</span> <span class='ocrx_word' id='word_1_49' title='bbox 841 861 973 926; x_wconf 89' lang='lat' dir='ltr'>contulit</span> <span class='ocrx_word' id='word_1_50' title='bbox 986 860 1026 925; x_wconf 93' lang='lat' dir='ltr'>ad</span> <span class='ocrx_word' id='word_1_51' title='bbox 1040 881 1079 924; x_wconf 91' lang='lat' dir='ltr'>ea</span> <span class='ocrx_word' id='word_1_52' title='bbox 1092 881 1164 944; x_wconf 87' lang='lat' dir='ltr'>quae</span> <span class='ocrx_word' id='word_1_53' title='bbox 1178 857 1250 923; x_wconf 71' lang='lat' dir='ltr'>ante</span> <span class='ocrx_word' id='word_1_54' title='bbox 1265 858 1303 922; x_wconf 72' lang='lat' dir='ltr'>eb</span> <span class='ocrx_word' id='word_1_55' title='bbox 1316 857 1351 921; x_wconf 89' lang='lat' dir='ltr'>de</span> <span class='ocrx_word' id='word_1_56' title='bbox 1361 877 1389 919; x_wconf 86' lang='lat' dir='ltr'>re</span> <span class='ocrx_word' id='word_1_57' title='bbox 1398 869 1462 939; x_wconf 72' lang='lat' dir='ltr'>putu</span> 
     </span>
     <span class='ocr_line' id='line_1_8' title="bbox 294 940 1462 1032; baseline -0.011 -16"><span class='ocrx_word' id='word_1_58' title='bbox 294 951 374 1018; x_wconf 90' lang='lat' dir='ltr'>lerat</span> <span class='ocrx_word' id='word_1_59' title='bbox 400 950 618 1016; x_wconf 89' lang='lat' dir='ltr'>celeberrimus</span> <span class='ocrx_word' id='word_1_60' title='bbox 649 948 799 1025; x_wconf 76' lang='lat' dir='ltr'>Criticur,</span> <span class='ocrx_word' id='word_1_61' title='bbox 829 947 992 1032; x_wconf 84' lang='lat' dir='ltr'>descriptis</span> <span class='ocrx_word' id='word_1_62' title='bbox 1019 968 1224 1030; x_wconf 83' lang='lat' dir='ltr'>magnacum</span> <span class='ocrx_word' id='word_1_63' title='bbox 1249 943 1361 1030; x_wconf 90' lang='lat' dir='ltr'>judicio</span> <span class='ocrx_word' id='word_1_64' title='bbox 1380 940 1462 1004; x_wconf 83' lang='lat' dir='ltr'>duona</span> 
     </span>
     <span class='ocr_line' id='line_1_9' title="bbox 294 1028 1460 1124; baseline -0.012 -21"><span class='ocrx_word' id='word_1_65' title='bbox 294 1044 472 1124; x_wconf 66' lang='lat' dir='ltr'>poematum</span> <span class='ocrx_word' id='word_1_66' title='bbox 488 1038 626 1121; x_wconf 90' lang='lat' dir='ltr'>quinque</span> <span class='ocrx_word' id='word_1_67' title='bbox 648 1046 702 1100; x_wconf 91' lang='lat' dir='ltr'>aut</span> <span class='ocrx_word' id='word_1_68' title='bbox 721 1057 778 1099; x_wconf 84' lang='lat' dir='ltr'>sex</span> <span class='ocrx_word' id='word_1_69' title='bbox 793 1034 1021 1100; x_wconf 84' lang='lat' dir='ltr'>discriminibus</span> <span class='ocrx_word' id='word_1_70' title='bbox 1038 1033 1272 1117; x_wconf 85' lang='lat' dir='ltr'>insignioribus,</span> <span class='ocrx_word' id='word_1_71' title='bbox 1294 1030 1387 1114; x_wconf 76' lang='lat' dir='ltr'>quaesi</span> <span class='ocrx_word' id='word_1_72' title='bbox 1401 1028 1460 1089; x_wconf 72' lang='lat' dir='ltr'>sidat</span> 
     </span>
     <span class='ocr_line' id='line_1_10' title="bbox 294 1114 1462 1209; baseline -0.01 -20"><span class='ocrx_word' id='word_1_73' title='bbox 294 1126 412 1209; x_wconf 89' lang='lat' dir='ltr'>cupias,</span> <span class='ocrx_word' id='word_1_74' title='bbox 442 1135 599 1188; x_wconf 78' lang='lat' dir='ltr'>auctorem</span> <span class='ocrx_word' id='word_1_75' title='bbox 623 1121 685 1185; x_wconf 91' lang='lat' dir='ltr'>adi.</span> <span class='ocrx_word' id='word_1_76' title='bbox 741 1119 831 1184; x_wconf 92' lang='lat' dir='ltr'>Nihil</span> <span class='ocrx_word' id='word_1_77' title='bbox 858 1143 997 1205; x_wconf 90' lang='lat' dir='ltr'>unquam</span> <span class='ocrx_word' id='word_1_78' title='bbox 1025 1117 1084 1183; x_wconf 89' lang='lat' dir='ltr'>suit</span> <span class='ocrx_word' id='word_1_79' title='bbox 1108 1118 1193 1202; x_wconf 89' lang='lat' dir='ltr'>apud</span> <span class='ocrx_word' id='word_1_80' title='bbox 1223 1116 1346 1181; x_wconf 78' lang='lat' dir='ltr'>Graecos</span> <span class='ocrx_word' id='word_1_81' title='bbox 1367 1114 1462 1177; x_wconf 72' lang='lat' dir='ltr'>unm</span> 
     </span>
     <span class='ocr_line' id='line_1_11' title="bbox 296 1200 1460 1292; baseline -0.012 -17"><span class='ocrx_word' id='word_1_82' title='bbox 296 1212 407 1275; x_wconf 86' lang='lat' dir='ltr'>Satirae</span> <span class='ocrx_word' id='word_1_83' title='bbox 420 1209 584 1273; x_wconf 82' lang='lat' dir='ltr'>finitimum</span> <span class='ocrx_word' id='word_1_84' title='bbox 599 1221 711 1292; x_wconf 88' lang='lat' dir='ltr'>praeter</span> <span class='ocrx_word' id='word_1_85' title='bbox 725 1206 822 1271; x_wconf 70' lang='lat' dir='ltr'>Sinos</span> <span class='ocrx_word' id='word_1_86' title='bbox 837 1229 922 1284; x_wconf 91' lang='lat' dir='ltr'>suos,</span> <span class='ocrx_word' id='word_1_87' title='bbox 938 1205 1068 1271; x_wconf 87' lang='lat' dir='ltr'>mordax</span> <span class='ocrx_word' id='word_1_88' title='bbox 1083 1205 1242 1269; x_wconf 73' lang='lat' dir='ltr'>Poematis</span> <span class='ocrx_word' id='word_1_89' title='bbox 1256 1225 1358 1288; x_wconf 86' lang='lat' dir='ltr'>genus,</span> <span class='ocrx_word' id='word_1_90' title='bbox 1376 1200 1460 1284; x_wconf 81' lang='lat' dir='ltr'>quoda</span> 
     </span>
     <span class='ocr_line' id='line_1_12' title="bbox 293 1287 1459 1380; baseline -0.01 -19"><span class='ocrx_word' id='word_1_91' title='bbox 293 1296 473 1380; x_wconf 72' lang='lat' dir='ltr'>dragmentis</span> <span class='ocrx_word' id='word_1_92' title='bbox 495 1294 644 1359; x_wconf 68' lang='lat' dir='ltr'>uiltorum</span> <span class='ocrx_word' id='word_1_93' title='bbox 672 1293 813 1357; x_wconf 77' lang='lat' dir='ltr'>Timonis</span> <span class='ocrx_word' id='word_1_94' title='bbox 837 1292 927 1358; x_wconf 75' lang='lat' dir='ltr'>facile</span> <span class='ocrx_word' id='word_1_95' title='bbox 954 1291 1058 1374; x_wconf 81' lang='lat' dir='ltr'>colligi</span> <span class='ocrx_word' id='word_1_96' title='bbox 1083 1303 1205 1376; x_wconf 82' lang='lat' dir='ltr'>potest3</span> <span class='ocrx_word' id='word_1_97' title='bbox 1232 1312 1268 1354; x_wconf 88' lang='lat' dir='ltr'>ac</span> <span class='ocrx_word' id='word_1_98' title='bbox 1290 1288 1345 1353; x_wconf 91' lang='lat' dir='ltr'>hoc</span> <span class='ocrx_word' id='word_1_99' title='bbox 1363 1287 1459 1351; x_wconf 74' lang='lat' dir='ltr'>interret</span> 
     </span>
    </p>

    <p class='ocr_par' dir='ltr' id='par_1_4' title="bbox 295 1371 1462 1715">
     <span class='ocr_line' id='line_1_13' title="bbox 319 1371 1460 1462; baseline -0.011 -14"><span class='ocrx_word' id='word_1_100' title='bbox 319 1383 381 1448; x_wconf 78' lang='lat' dir='ltr'>uod</span> <span class='ocrx_word' id='word_1_101' title='bbox 396 1381 470 1446; x_wconf 71' lang='lat' dir='ltr'>Sitti</span> <span class='ocrx_word' id='word_1_102' title='bbox 493 1381 673 1446; x_wconf 69' lang='lat' dir='ltr'>Graecorum</span> <span class='ocrx_word' id='word_1_103' title='bbox 689 1401 782 1444; x_wconf 84' lang='lat' dir='ltr'>merae</span> <span class='ocrx_word' id='word_1_104' title='bbox 797 1393 901 1444; x_wconf 89' lang='lat' dir='ltr'>essent</span> <span class='ocrx_word' id='word_1_105' title='bbox 915 1379 1078 1453; x_wconf 80' lang='lat' dir='ltr'>Purodiae,</span> <span class='ocrx_word' id='word_1_106' title='bbox 1101 1376 1186 1462; x_wconf 91' lang='lat' dir='ltr'>quod</span> <span class='ocrx_word' id='word_1_107' title='bbox 1201 1376 1241 1441; x_wconf 90' lang='lat' dir='ltr'>de</span> <span class='ocrx_word' id='word_1_108' title='bbox 1256 1371 1460 1439; x_wconf 63' lang='lat' dir='ltr'>uenantum</span> 
     </span>
     <span class='ocr_line' id='line_1_14' title="bbox 295 1407 1460 1636; baseline -0.013 -15"><span class='ocrx_word' id='word_1_109' title='bbox 295 1407 560 1621; x_wconf 70' lang='lat' dir='ltr'>tisun</span> <span class='ocrx_word' id='word_1_110' title='bbox 577 1461 1460 1636; x_wconf 56' lang='lat' dir='ltr'>ttuturudau&#39;trusuirutua</span> 
     </span>
     <span class='ocr_line' id='line_1_15' title="bbox 296 1638 912 1715; baseline -0.005 -9"><span class='ocrx_word' id='word_1_111' title='bbox 296 1643 329 1707; x_wconf 93' lang='lat' dir='ltr'>in</span> <span class='ocrx_word' id='word_1_112' title='bbox 345 1640 430 1705; x_wconf 90' lang='lat' dir='ltr'>Sillis</span> <span class='ocrx_word' id='word_1_113' title='bbox 445 1639 561 1715; x_wconf 87' lang='lat' dir='ltr'>sedem,</span> <span class='ocrx_word' id='word_1_114' title='bbox 578 1660 641 1703; x_wconf 90' lang='lat' dir='ltr'>non</span> <span class='ocrx_word' id='word_1_115' title='bbox 656 1639 730 1702; x_wconf 89' lang='lat' dir='ltr'>item</span> <span class='ocrx_word' id='word_1_116' title='bbox 743 1639 776 1703; x_wconf 91' lang='lat' dir='ltr'>in</span> <span class='ocrx_word' id='word_1_117' title='bbox 793 1638 912 1703; x_wconf 90' lang='lat' dir='ltr'>Satiris.</span> 
     </span>
    </p>

    <p class='ocr_par' dir='ltr' id='par_1_5' title="bbox 296 1716 1462 3191">
     <span class='ocr_line' id='line_1_16' title="bbox 341 1716 1462 1812; baseline -0.011 -20"><span class='ocrx_word' id='word_1_118' title='bbox 341 1724 497 1812; x_wconf 70' lang='lat' dir='ltr'>Expositi</span> <span class='ocrx_word' id='word_1_119' title='bbox 512 1724 635 1789; x_wconf 89' lang='lat' dir='ltr'>tandem</span> <span class='ocrx_word' id='word_1_120' title='bbox 649 1727 770 1801; x_wconf 74' lang='lat' dir='ltr'>natura,</span> <span class='ocrx_word' id='word_1_121' title='bbox 786 1725 917 1808; x_wconf 87' lang='lat' dir='ltr'>origine,</span> <span class='ocrx_word' id='word_1_122' title='bbox 932 1737 964 1790; x_wconf 88' lang='lat' dir='ltr'>et</span> <span class='ocrx_word' id='word_1_123' title='bbox 977 1745 1142 1810; x_wconf 85' lang='lat' dir='ltr'>progressu</span> <span class='ocrx_word' id='word_1_124' title='bbox 1158 1722 1279 1796; x_wconf 81' lang='lat' dir='ltr'>Satirae,</span> <span class='ocrx_word' id='word_1_125' title='bbox 1293 1716 1462 1805; x_wconf 67' lang='lat' dir='ltr'>paratum</span> 
     </span>
     <span class='ocr_line' id='line_1_17' title="bbox 298 1808 1459 1896; baseline -0.01 -17"><span class='ocrx_word' id='word_1_126' title='bbox 298 1812 432 1879; x_wconf 91' lang='lat' dir='ltr'>Horatio</span> <span class='ocrx_word' id='word_1_127' title='bbox 446 1810 522 1877; x_wconf 90' lang='lat' dir='ltr'>mihi</span> <span class='ocrx_word' id='word_1_128' title='bbox 537 1823 611 1877; x_wconf 90' lang='lat' dir='ltr'>sunt</span> <span class='ocrx_word' id='word_1_129' title='bbox 624 1811 764 1889; x_wconf 91' lang='lat' dir='ltr'>dicenda,</span> <span class='ocrx_word' id='word_1_130' title='bbox 779 1812 972 1896; x_wconf 88' lang='lat' dir='ltr'>quiquidem</span> <span class='ocrx_word' id='word_1_131' title='bbox 987 1809 1088 1896; x_wconf 91' lang='lat' dir='ltr'>qualis</span> <span class='ocrx_word' id='word_1_132' title='bbox 1103 1811 1135 1874; x_wconf 88' lang='lat' dir='ltr'>iu</span> <span class='ocrx_word' id='word_1_133' title='bbox 1148 1810 1209 1874; x_wconf 91' lang='lat' dir='ltr'>hoc</span> <span class='ocrx_word' id='word_1_134' title='bbox 1224 1830 1317 1892; x_wconf 89' lang='lat' dir='ltr'>opere</span> <span class='ocrx_word' id='word_1_135' title='bbox 1330 1808 1373 1883; x_wconf 89' lang='lat' dir='ltr'>sit,</span> <span class='ocrx_word' id='word_1_136' title='bbox 1382 1822 1459 1883; x_wconf 76' lang='lat' dir='ltr'>ampo</span> 
     </span>
     <span class='ocr_line' id='line_1_18' title="bbox 297 1894 1458 1984; baseline -0.009 -19"><span class='ocrx_word' id='word_1_137' title='bbox 297 1911 359 1965; x_wconf 87' lang='lat' dir='ltr'>test</span> <span class='ocrx_word' id='word_1_138' title='bbox 372 1896 565 1965; x_wconf 75' lang='lat' dir='ltr'>commodius</span> <span class='ocrx_word' id='word_1_139' title='bbox 580 1898 794 1975; x_wconf 88' lang='lat' dir='ltr'>demonstrari,</span> <span class='ocrx_word' id='word_1_140' title='bbox 810 1898 905 1980; x_wconf 74' lang='lat' dir='ltr'>quam</span> <span class='ocrx_word' id='word_1_141' title='bbox 920 1899 946 1961; x_wconf 93' lang='lat' dir='ltr'>si</span> <span class='ocrx_word' id='word_1_142' title='bbox 958 1920 1028 1963; x_wconf 88' lang='lat' dir='ltr'>eum</span> <span class='ocrx_word' id='word_1_143' title='bbox 1045 1896 1221 1961; x_wconf 79' lang='lat' dir='ltr'>Silanorum</span> <span class='ocrx_word' id='word_1_144' title='bbox 1236 1894 1341 1959; x_wconf 80' lang='lat' dir='ltr'>statuis</span> <span class='ocrx_word' id='word_1_145' title='bbox 1353 1907 1458 1984; x_wconf 54' lang='lat' dir='ltr'>compta·</span> 
     </span>
     <span class='ocr_line' id='line_1_19' title="bbox 297 1976 1458 2071; baseline -0.012 -19"><span class='ocrx_word' id='word_1_146' title='bbox 297 1987 410 2071; x_wconf 86' lang='lat' dir='ltr'>quibus</span> <span class='ocrx_word' id='word_1_147' title='bbox 432 1984 609 2050; x_wconf 80' lang='lat' dir='ltr'>Alcibiades</span> <span class='ocrx_word' id='word_1_148' title='bbox 631 1985 664 2048; x_wconf 90' lang='lat' dir='ltr'>in</span> <span class='ocrx_word' id='word_1_149' title='bbox 687 1984 854 2068; x_wconf 89' lang='lat' dir='ltr'>Symposio</span> <span class='ocrx_word' id='word_1_150' title='bbox 877 1985 1036 2049; x_wconf 88' lang='lat' dir='ltr'>Socratem</span> <span class='ocrx_word' id='word_1_151' title='bbox 1058 1997 1227 2067; x_wconf 89' lang='lat' dir='ltr'>comparat,</span> <span class='ocrx_word' id='word_1_152' title='bbox 1251 2002 1321 2066; x_wconf 84' lang='lat' dir='ltr'>quae</span> <span class='ocrx_word' id='word_1_153' title='bbox 1340 1976 1458 2043; x_wconf 74' lang='lat' dir='ltr'>sillem</span> 
     </span>
     <span class='ocr_line' id='line_1_20' title="bbox 297 2061 1458 2156; baseline -0.007 -19"><span class='ocrx_word' id='word_1_154' title='bbox 297 2072 454 2138; x_wconf 85' lang='lat' dir='ltr'>habebant</span> <span class='ocrx_word' id='word_1_155' title='bbox 468 2069 600 2156; x_wconf 91' lang='lat' dir='ltr'>pulchri,</span> <span class='ocrx_word' id='word_1_156' title='bbox 623 2069 701 2135; x_wconf 91' lang='lat' dir='ltr'>nihil</span> <span class='ocrx_word' id='word_1_157' title='bbox 718 2069 829 2146; x_wconf 90' lang='lat' dir='ltr'>ornati,</span> <span class='ocrx_word' id='word_1_158' title='bbox 853 2081 885 2134; x_wconf 87' lang='lat' dir='ltr'>at</span> <span class='ocrx_word' id='word_1_159' title='bbox 899 2070 925 2134; x_wconf 93' lang='lat' dir='ltr'>si</span> <span class='ocrx_word' id='word_1_160' title='bbox 941 2068 1010 2134; x_wconf 88' lang='lat' dir='ltr'>illas</span> <span class='ocrx_word' id='word_1_161' title='bbox 1025 2071 1211 2155; x_wconf 87' lang='lat' dir='ltr'>aperuisses,</span> <span class='ocrx_word' id='word_1_162' title='bbox 1237 2068 1365 2132; x_wconf 88' lang='lat' dir='ltr'>omnium</span> <span class='ocrx_word' id='word_1_163' title='bbox 1377 2061 1458 2127; x_wconf 77' lang='lat' dir='ltr'>Danu</span> 
     </span>
     <span class='ocr_line' id='line_1_21' title="bbox 298 2145 1458 2242; baseline -0.009 -19"><span class='ocrx_word' id='word_1_164' title='bbox 298 2158 500 2242; x_wconf 88' lang='lat' dir='ltr'>Dearumque</span> <span class='ocrx_word' id='word_1_165' title='bbox 521 2158 672 2241; x_wconf 86' lang='lat' dir='ltr'>imagines</span> <span class='ocrx_word' id='word_1_166' title='bbox 694 2155 876 2221; x_wconf 86' lang='lat' dir='ltr'>detexisses.</span> <span class='ocrx_word' id='word_1_167' title='bbox 920 2156 971 2221; x_wconf 85' lang='lat' dir='ltr'>Ad</span> <span class='ocrx_word' id='word_1_168' title='bbox 993 2178 1065 2220; x_wconf 91' lang='lat' dir='ltr'>eum</span> <span class='ocrx_word' id='word_1_169' title='bbox 1088 2155 1212 2220; x_wconf 91' lang='lat' dir='ltr'>modum</span> <span class='ocrx_word' id='word_1_170' title='bbox 1236 2176 1270 2219; x_wconf 92' lang='lat' dir='ltr'>se</span> <span class='ocrx_word' id='word_1_171' title='bbox 1291 2153 1371 2217; x_wconf 90' lang='lat' dir='ltr'>nobis</span> <span class='ocrx_word' id='word_1_172' title='bbox 1387 2145 1458 2212; x_wconf 75' lang='lat' dir='ltr'>exitu</span> 
     </span>
     <span class='ocr_line' id='line_1_22' title="bbox 297 2229 1458 2328; baseline -0.009 -17"><span class='ocrx_word' id='word_1_173' title='bbox 297 2245 331 2310; x_wconf 92' lang='lat' dir='ltr'>in</span> <span class='ocrx_word' id='word_1_174' title='bbox 353 2245 464 2310; x_wconf 90' lang='lat' dir='ltr'>Satiris</span> <span class='ocrx_word' id='word_1_175' title='bbox 479 2243 642 2319; x_wconf 84' lang='lat' dir='ltr'>Horatius,</span> <span class='ocrx_word' id='word_1_176' title='bbox 665 2241 743 2307; x_wconf 89' lang='lat' dir='ltr'>nihil</span> <span class='ocrx_word' id='word_1_177' title='bbox 757 2264 904 2326; x_wconf 89' lang='lat' dir='ltr'>magnum</span> <span class='ocrx_word' id='word_1_178' title='bbox 918 2265 984 2328; x_wconf 86' lang='lat' dir='ltr'>prae</span> <span class='ocrx_word' id='word_1_179' title='bbox 998 2264 1032 2306; x_wconf 90' lang='lat' dir='ltr'>se</span> <span class='ocrx_word' id='word_1_180' title='bbox 1054 2242 1123 2318; x_wconf 86' lang='lat' dir='ltr'>lert,</span> <span class='ocrx_word' id='word_1_181' title='bbox 1146 2242 1231 2327; x_wconf 92' lang='lat' dir='ltr'>quod</span> <span class='ocrx_word' id='word_1_182' title='bbox 1255 2262 1311 2304; x_wconf 91' lang='lat' dir='ltr'>nos</span> <span class='ocrx_word' id='word_1_183' title='bbox 1324 2229 1458 2303; x_wconf 67' lang='lat' dir='ltr'>demnis</span> 
     </span>
     <span class='ocr_line' id='line_1_23' title="bbox 296 2324 1459 2431; baseline -0.009 -35"><span class='ocrx_word' id='word_1_184' title='bbox 296 2331 387 2396; x_wconf 86' lang='lat' dir='ltr'>beat:</span> <span class='ocrx_word' id='word_1_185' title='bbox 414 2330 539 2414; x_wconf 87' lang='lat' dir='ltr'>dignior</span> <span class='ocrx_word' id='word_1_186' title='bbox 561 2329 683 2393; x_wconf 80' lang='lat' dir='ltr'>videtur</span> <span class='ocrx_word' id='word_1_187' title='bbox 707 2350 787 2408; x_wconf 90' lang='lat' dir='ltr'>esse,</span> <span class='ocrx_word' id='word_1_188' title='bbox 814 2330 867 2413; x_wconf 94' lang='lat' dir='ltr'>qui</span> <span class='ocrx_word' id='word_1_189' title='bbox 891 2330 997 2414; x_wconf 90' lang='lat' dir='ltr'>pueris</span> <span class='ocrx_word' id='word_1_190' title='bbox 1023 2338 1149 2405; x_wconf 84' lang='lat' dir='ltr'>teratur,</span> <span class='ocrx_word' id='word_1_191' title='bbox 1174 2327 1270 2431; x_wconf 78' lang='lat' dir='ltr'>quam</span> <span class='ocrx_word' id='word_1_192' title='bbox 1293 2326 1343 2411; x_wconf 93' lang='lat' dir='ltr'>qui</span> <span class='ocrx_word' id='word_1_193' title='bbox 1364 2324 1459 2414; x_wconf 57' lang='lat' dir='ltr'>riost</span> 
     </span>
     <span class='ocr_line' id='line_1_24' title="bbox 297 2414 1457 2502; baseline -0.009 -20"><span class='ocrx_word' id='word_1_194' title='bbox 297 2430 425 2502; x_wconf 88' lang='lat' dir='ltr'>cupatos</span> <span class='ocrx_word' id='word_1_195' title='bbox 442 2426 560 2480; x_wconf 86' lang='lat' dir='ltr'>teneat:</span> <span class='ocrx_word' id='word_1_196' title='bbox 578 2415 634 2479; x_wconf 87' lang='lat' dir='ltr'>sed</span> <span class='ocrx_word' id='word_1_197' title='bbox 650 2417 786 2499; x_wconf 87' lang='lat' dir='ltr'>seposito</span> <span class='ocrx_word' id='word_1_198' title='bbox 797 2414 877 2494; x_wconf 87' lang='lat' dir='ltr'>velo,</span> <span class='ocrx_word' id='word_1_199' title='bbox 893 2427 926 2479; x_wconf 88' lang='lat' dir='ltr'>et</span> <span class='ocrx_word' id='word_1_200' title='bbox 940 2415 1073 2481; x_wconf 90' lang='lat' dir='ltr'>Horatio</span> <span class='ocrx_word' id='word_1_201' title='bbox 1088 2414 1217 2500; x_wconf 90' lang='lat' dir='ltr'>propius</span> <span class='ocrx_word' id='word_1_202' title='bbox 1232 2415 1457 2498; x_wconf 63' lang='lat' dir='ltr'>importunum!</span> 
     </span>
     <span class='ocr_line' id='line_1_25' title="bbox 298 2496 1458 2588; baseline -0.007 -21"><span class='ocrx_word' id='word_1_203' title='bbox 298 2503 381 2567; x_wconf 91' lang='lat' dir='ltr'>illico</span> <span class='ocrx_word' id='word_1_204' title='bbox 403 2502 556 2566; x_wconf 76' lang='lat' dir='ltr'>Diuorum</span> <span class='ocrx_word' id='word_1_205' title='bbox 578 2501 676 2565; x_wconf 90' lang='lat' dir='ltr'>oculis</span> <span class='ocrx_word' id='word_1_206' title='bbox 696 2522 730 2565; x_wconf 87' lang='lat' dir='ltr'>se</span> <span class='ocrx_word' id='word_1_207' title='bbox 750 2505 897 2588; x_wconf 86' lang='lat' dir='ltr'>ingerunt</span> <span class='ocrx_word' id='word_1_208' title='bbox 917 2503 1080 2587; x_wconf 89' lang='lat' dir='ltr'>imagines,</span> <span class='ocrx_word' id='word_1_209' title='bbox 1102 2499 1161 2565; x_wconf 90' lang='lat' dir='ltr'>hoc</span> <span class='ocrx_word' id='word_1_210' title='bbox 1182 2512 1242 2577; x_wconf 83' lang='lat' dir='ltr'>est,</span> <span class='ocrx_word' id='word_1_211' title='bbox 1265 2519 1363 2564; x_wconf 86' lang='lat' dir='ltr'>omnes</span> <span class='ocrx_word' id='word_1_212' title='bbox 1378 2496 1458 2558; x_wconf 72' lang='lat' dir='ltr'>sibu,</span> 
     </span>
     <span class='ocr_line' id='line_1_26' title="bbox 297 2576 1457 2673; baseline -0.008 -20"><span class='ocrx_word' id='word_1_213' title='bbox 297 2589 338 2653; x_wconf 88' lang='lat' dir='ltr'>ad</span> <span class='ocrx_word' id='word_1_214' title='bbox 349 2610 427 2673; x_wconf 93' lang='lat' dir='ltr'>quas</span> <span class='ocrx_word' id='word_1_215' title='bbox 438 2586 563 2652; x_wconf 73' lang='lat' dir='ltr'>assidue</span> <span class='ocrx_word' id='word_1_216' title='bbox 576 2587 742 2652; x_wconf 88' lang='lat' dir='ltr'>exercendi</span> <span class='ocrx_word' id='word_1_217' title='bbox 757 2600 842 2664; x_wconf 89' lang='lat' dir='ltr'>sunt,</span> <span class='ocrx_word' id='word_1_218' title='bbox 858 2590 911 2673; x_wconf 94' lang='lat' dir='ltr'>qui</span> <span class='ocrx_word' id='word_1_219' title='bbox 926 2590 1008 2653; x_wconf 83' lang='lat' dir='ltr'>vitiis</span> <span class='ocrx_word' id='word_1_220' title='bbox 1020 2591 1084 2653; x_wconf 85' lang='lat' dir='ltr'>suis</span> <span class='ocrx_word' id='word_1_221' title='bbox 1095 2587 1289 2672; x_wconf 85' lang='lat' dir='ltr'>corrigendis</span> <span class='ocrx_word' id='word_1_222' title='bbox 1300 2583 1371 2649; x_wconf 82' lang='lat' dir='ltr'>scrib</span> <span class='ocrx_word' id='word_1_223' title='bbox 1380 2576 1457 2643; x_wconf 62' lang='lat' dir='ltr'>sutas</span> 
     </span>
     <span class='ocr_line' id='line_1_27' title="bbox 299 2671 1459 2759; baseline -0.003 -20"><span class='ocrx_word' id='word_1_224' title='bbox 299 2673 410 2739; x_wconf 88' lang='lat' dir='ltr'>Oculis</span> <span class='ocrx_word' id='word_1_225' title='bbox 432 2671 542 2758; x_wconf 83' lang='lat' dir='ltr'>partim</span> <span class='ocrx_word' id='word_1_226' title='bbox 558 2674 684 2738; x_wconf 88' lang='lat' dir='ltr'>intentis</span> <span class='ocrx_word' id='word_1_227' title='bbox 707 2672 796 2739; x_wconf 90' lang='lat' dir='ltr'>illum</span> <span class='ocrx_word' id='word_1_228' title='bbox 815 2673 989 2759; x_wconf 86' lang='lat' dir='ltr'>adspexere</span> <span class='ocrx_word' id='word_1_229' title='bbox 1003 2674 1135 2739; x_wconf 85' lang='lat' dir='ltr'>antehac</span> <span class='ocrx_word' id='word_1_230' title='bbox 1156 2673 1320 2748; x_wconf 87' lang='lat' dir='ltr'>mortales;</span> <span class='ocrx_word' id='word_1_231' title='bbox 1340 2679 1459 2755; x_wconf 48' lang='lat' dir='ltr'>nutet}</span> 
     </span>
     <span class='ocr_line' id='line_1_28' title="bbox 299 2758 1458 2845; baseline 0 -19"><span class='ocrx_word' id='word_1_232' title='bbox 299 2782 370 2826; x_wconf 88' lang='lat' dir='ltr'>sum</span> <span class='ocrx_word' id='word_1_233' title='bbox 390 2782 453 2824; x_wconf 92' lang='lat' dir='ltr'>non</span> <span class='ocrx_word' id='word_1_234' title='bbox 475 2759 578 2824; x_wconf 88' lang='lat' dir='ltr'>mirari</span> <span class='ocrx_word' id='word_1_235' title='bbox 602 2759 719 2824; x_wconf 89' lang='lat' dir='ltr'>Satiras</span> <span class='ocrx_word' id='word_1_236' title='bbox 742 2783 800 2845; x_wconf 93' lang='lat' dir='ltr'>per</span> <span class='ocrx_word' id='word_1_237' title='bbox 822 2773 869 2825; x_wconf 89' lang='lat' dir='ltr'>tot</span> <span class='ocrx_word' id='word_1_238' title='bbox 889 2760 995 2826; x_wconf 88' lang='lat' dir='ltr'>secula</span> <span class='ocrx_word' id='word_1_239' title='bbox 1014 2759 1120 2837; x_wconf 85' lang='lat' dir='ltr'>lectas,</span> <span class='ocrx_word' id='word_1_240' title='bbox 1145 2772 1240 2844; x_wconf 85' lang='lat' dir='ltr'>atque</span> <span class='ocrx_word' id='word_1_241' title='bbox 1262 2758 1385 2826; x_wconf 81' lang='lat' dir='ltr'>relectas.</span> <span class='ocrx_word' id='word_1_242' title='bbox 1401 2764 1458 2835; x_wconf 58' lang='grc' dir='ltr'>ΡΜ</span> 
     </span>
     <span class='ocr_line' id='line_1_29' title="bbox 298 2843 1459 2932; baseline -0.008 -20"><span class='ocrx_word' id='word_1_243' title='bbox 298 2846 464 2912; x_wconf 78' lang='lat' dir='ltr'>admodum</span> <span class='ocrx_word' id='word_1_244' title='bbox 479 2845 575 2910; x_wconf 83' lang='lat' dir='ltr'>luisse</span> <span class='ocrx_word' id='word_1_245' title='bbox 591 2845 773 2923; x_wconf 89' lang='lat' dir='ltr'>intellectas,</span> <span class='ocrx_word' id='word_1_246' title='bbox 796 2859 851 2912; x_wconf 90' lang='lat' dir='ltr'>aut</span> <span class='ocrx_word' id='word_1_247' title='bbox 864 2846 1042 2932; x_wconf 84' lang='lat' dir='ltr'>explicatas.</span> <span class='ocrx_word' id='word_1_248' title='bbox 1089 2846 1303 2911; x_wconf 87' lang='lat' dir='ltr'>Substiterunt</span> <span class='ocrx_word' id='word_1_249' title='bbox 1320 2845 1349 2908; x_wconf 90' lang='lat' dir='ltr'>iu</span> <span class='ocrx_word' id='word_1_250' title='bbox 1365 2843 1459 2931; x_wconf 9' lang='lat' dir='ltr'>ipsogfflt</span> 
     </span>
     <span class='ocr_line' id='line_1_30' title="bbox 298 2918 1458 3017; baseline -0.006 -19"><span class='ocrx_word' id='word_1_251' title='bbox 298 2936 369 3010; x_wconf 88' lang='lat' dir='ltr'>tice,</span> <span class='ocrx_word' id='word_1_252' title='bbox 384 2932 547 3016; x_wconf 84' lang='lat' dir='ltr'>verbisque</span> <span class='ocrx_word' id='word_1_253' title='bbox 562 2932 801 3017; x_wconf 83' lang='lat' dir='ltr'>interpretandis</span> <span class='ocrx_word' id='word_1_254' title='bbox 817 2934 939 3010; x_wconf 87' lang='lat' dir='ltr'>intenti,</span> <span class='ocrx_word' id='word_1_255' title='bbox 961 2932 1039 2998; x_wconf 92' lang='lat' dir='ltr'>nibil</span> <span class='ocrx_word' id='word_1_256' title='bbox 1054 2932 1137 2997; x_wconf 76' lang='lat' dir='ltr'>ultra</span> <span class='ocrx_word' id='word_1_257' title='bbox 1150 2932 1287 3017; x_wconf 62' lang='lat' dir='ltr'>petiere:</span> <span class='ocrx_word' id='word_1_258' title='bbox 1309 2927 1379 3015; x_wconf 90' lang='lat' dir='ltr'>quod</span> <span class='ocrx_word' id='word_1_259' title='bbox 1389 2918 1458 3008; x_wconf 56' lang='lat' dir='ltr'>qul!</span> 
     </span>
     <span class='ocr_line' id='line_1_31' title="bbox 298 3010 1459 3105; baseline -0.008 -20"><span class='ocrx_word' id='word_1_260' title='bbox 298 3019 438 3085; x_wconf 81' lang='lat' dir='ltr'>lecerunt</span> <span class='ocrx_word' id='word_1_261' title='bbox 461 3031 496 3083; x_wconf 86' lang='lat' dir='ltr'>ut</span> <span class='ocrx_word' id='word_1_262' title='bbox 519 3018 737 3084; x_wconf 87' lang='lat' dir='ltr'>Grammaticis</span> <span class='ocrx_word' id='word_1_263' title='bbox 759 3032 912 3104; x_wconf 88' lang='lat' dir='ltr'>parerat,</span> <span class='ocrx_word' id='word_1_264' title='bbox 935 3042 999 3085; x_wconf 90' lang='lat' dir='ltr'>non</span> <span class='ocrx_word' id='word_1_265' title='bbox 1021 3031 1056 3084; x_wconf 88' lang='lat' dir='ltr'>ut</span> <span class='ocrx_word' id='word_1_266' title='bbox 1080 3018 1301 3103; x_wconf 86' lang='lat' dir='ltr'>Philosophia:</span> <span class='ocrx_word' id='word_1_267' title='bbox 1326 3010 1459 3105; x_wconf 21' lang='lat' dir='ltr'>planitia&amp;l</span> 
     </span>
     <span class='ocr_line' id='line_1_32' title="bbox 299 3103 1462 3191; baseline -0.008 -19"><span class='ocrx_word' id='word_1_268' title='bbox 299 3107 473 3191; x_wconf 86' lang='lat' dir='ltr'>scripsisset</span> <span class='ocrx_word' id='word_1_269' title='bbox 503 3104 654 3168; x_wconf 84' lang='lat' dir='ltr'>Horatius</span> <span class='ocrx_word' id='word_1_270' title='bbox 684 3103 786 3169; x_wconf 77' lang='lat' dir='ltr'>solum</span> <span class='ocrx_word' id='word_1_271' title='bbox 816 3119 851 3170; x_wconf 90' lang='lat' dir='ltr'>nt</span> <span class='ocrx_word' id='word_1_272' title='bbox 878 3105 1043 3170; x_wconf 79' lang='lat' dir='ltr'>verborum</span> <span class='ocrx_word' id='word_1_273' title='bbox 1075 3104 1347 3170; x_wconf 86' lang='lat' dir='ltr'>construendorum</span> <span class='ocrx_word' id='word_1_274' title='bbox 1371 3103 1462 3163; x_wconf 67' lang='lat' dir='ltr'>nuum</span> 
     </span>
    </p>
   </div>
   <div class='ocr_carea' id='block_1_3' title="bbox 299 3184 1459 3340">
    <p class='ocr_par' dir='ltr' id='par_1_6' title="bbox 299 3184 1459 3340">
     <span class='ocr_line' id='line_1_33' title="bbox 299 3184 1459 3340; baseline -0.007 -83"><span class='ocrx_word' id='word_1_275' title='bbox 299 3192 484 3269; x_wconf 81' lang='lat' dir='ltr'>rideremus,</span> <span class='ocrx_word' id='word_1_276' title='bbox 511 3190 708 3340; x_wconf 84' lang='lat' dir='ltr'>dedissetque</span> <span class='ocrx_word' id='word_1_277' title='bbox 736 3191 828 3255; x_wconf 92' lang='lat' dir='ltr'>nobis</span> <span class='ocrx_word' id='word_1_278' title='bbox 852 3191 965 3256; x_wconf 89' lang='lat' dir='ltr'>librum</span> <span class='ocrx_word' id='word_1_279' title='bbox 987 3191 1073 3256; x_wconf 87' lang='lat' dir='ltr'>horis</span> <span class='ocrx_word' id='word_1_280' title='bbox 1094 3192 1127 3255; x_wconf 92' lang='lat' dir='ltr'>in</span> <span class='ocrx_word' id='word_1_281' title='bbox 1151 3190 1272 3256; x_wconf 69' lang='lat' dir='ltr'>Scholia</span> <span class='ocrx_word' id='word_1_282' title='bbox 1292 3184 1415 3254; x_wconf 76' lang='lat' dir='ltr'>fallendis,</span> <span class='ocrx_word' id='word_1_283' title='bbox 1428 3191 1459 3236; x_wconf 63' lang='grc' dir='ltr'><strong>Μ</strong></span> 
     </span>
    </p>
   </div>
   <div class='ocr_carea' id='block_1_4' title="bbox 297 3276 1462 4572">
    <p class='ocr_par' dir='ltr' id='par_1_7' title="bbox 297 3276 1459 3637">
     <span class='ocr_line' id='line_1_34' title="bbox 298 3276 1459 3355; baseline -0.008 -11"><span class='ocrx_word' id='word_1_284' title='bbox 298 3279 408 3344; x_wconf 89' lang='lat' dir='ltr'>animis</span> <span class='ocrx_word' id='word_1_285' title='bbox 431 3278 471 3343; x_wconf 91' lang='lat' dir='ltr'>ad</span> <span class='ocrx_word' id='word_1_286' title='bbox 485 3279 627 3342; x_wconf 82' lang='lat' dir='ltr'>virtutem</span> <span class='ocrx_word' id='word_1_287' title='bbox 663 3278 829 3343; x_wconf 86' lang='lat' dir='ltr'>ormandis.</span> <span class='ocrx_word' id='word_1_288' title='bbox 876 3277 1010 3343; x_wconf 86' lang='lat' dir='ltr'>Prorsus</span> <span class='ocrx_word' id='word_1_289' title='bbox 1031 3277 1116 3343; x_wconf 88' lang='lat' dir='ltr'>aliud</span> <span class='ocrx_word' id='word_1_290' title='bbox 1139 3278 1198 3342; x_wconf 89' lang='lat' dir='ltr'>sibi</span> <span class='ocrx_word' id='word_1_291' title='bbox 1221 3278 1254 3341; x_wconf 92' lang='lat' dir='ltr'>in</span> <span class='ocrx_word' id='word_1_292' title='bbox 1276 3276 1332 3341; x_wconf 89' lang='lat' dir='ltr'>hoc</span> <span class='ocrx_word' id='word_1_293' title='bbox 1347 3277 1459 3355; x_wconf 42' lang='lat' dir='ltr'>opertu&amp;</span> 
     </span>
     <span class='ocr_line' id='line_1_35' title="bbox 297 3361 1459 3451; baseline -0.006 -20"><span class='ocrx_word' id='word_1_294' title='bbox 297 3376 445 3451; x_wconf 87' lang='lat' dir='ltr'>posuerat</span> <span class='ocrx_word' id='word_1_295' title='bbox 461 3363 571 3429; x_wconf 70' lang='lat' dir='ltr'>Poeta</span> <span class='ocrx_word' id='word_1_296' title='bbox 617 3362 762 3447; x_wconf 89' lang='lat' dir='ltr'>Namque</span> <span class='ocrx_word' id='word_1_297' title='bbox 777 3362 849 3430; x_wconf 86' lang='lat' dir='ltr'>finis</span> <span class='ocrx_word' id='word_1_298' title='bbox 863 3366 1028 3429; x_wconf 88' lang='lat' dir='ltr'>verborum</span> <span class='ocrx_word' id='word_1_299' title='bbox 1042 3378 1090 3429; x_wconf 88' lang='lat' dir='ltr'>est</span> <span class='ocrx_word' id='word_1_300' title='bbox 1104 3364 1196 3441; x_wconf 92' lang='lat' dir='ltr'>actio,</span> <span class='ocrx_word' id='word_1_301' title='bbox 1218 3366 1305 3449; x_wconf 85' lang='lat' dir='ltr'>cujus</span> <span class='ocrx_word' id='word_1_302' title='bbox 1319 3361 1392 3425; x_wconf 82' lang='lat' dir='ltr'>etiam</span> <span class='ocrx_word' id='word_1_303' title='bbox 1404 3361 1459 3449; x_wconf 54' lang='lat' dir='ltr'>guli,</span> 
     </span>
     <span class='ocr_line' id='line_1_36' title="bbox 297 3435 1459 3536; baseline -0.009 -19"><span class='ocrx_word' id='word_1_304' title='bbox 297 3453 393 3517; x_wconf 84' lang='lat' dir='ltr'>verba</span> <span class='ocrx_word' id='word_1_305' title='bbox 403 3455 473 3536; x_wconf 91' lang='lat' dir='ltr'>ipsa</span> <span class='ocrx_word' id='word_1_306' title='bbox 486 3450 611 3515; x_wconf 87' lang='lat' dir='ltr'>suemnt</span> <span class='ocrx_word' id='word_1_307' title='bbox 624 3463 757 3534; x_wconf 88' lang='lat' dir='ltr'>reperta,</span> <span class='ocrx_word' id='word_1_308' title='bbox 779 3473 852 3535; x_wconf 86' lang='lat' dir='ltr'>quae</span> <span class='ocrx_word' id='word_1_309' title='bbox 870 3452 930 3515; x_wconf 88' lang='lat' dir='ltr'>nisi</span> <span class='ocrx_word' id='word_1_310' title='bbox 945 3450 1031 3516; x_wconf 92' lang='lat' dir='ltr'>illum</span> <span class='ocrx_word' id='word_1_311' title='bbox 1047 3461 1252 3535; x_wconf 87' lang='lat' dir='ltr'>assequantur</span> <span class='ocrx_word' id='word_1_312' title='bbox 1272 3450 1357 3514; x_wconf 84' lang='lat' dir='ltr'>finem</span> <span class='ocrx_word' id='word_1_313' title='bbox 1369 3435 1459 3506; x_wconf 63' lang='lat' dir='ltr'>nillili</span> 
     </span>
     <span class='ocr_line' id='line_1_37' title="bbox 297 3533 1440 3637; baseline -0.001 -35"><span class='ocrx_word' id='word_1_314' title='bbox 297 3536 402 3603; x_wconf 84' lang='lat' dir='ltr'>firtiles</span> <span class='ocrx_word' id='word_1_315' title='bbox 416 3537 503 3603; x_wconf 83' lang='lat' dir='ltr'>soni:</span> <span class='ocrx_word' id='word_1_316' title='bbox 520 3558 611 3602; x_wconf 89' lang='lat' dir='ltr'>aures</span> <span class='ocrx_word' id='word_1_317' title='bbox 626 3536 752 3637; x_wconf 90' lang='lat' dir='ltr'>quidem</span> <span class='ocrx_word' id='word_1_318' title='bbox 766 3536 891 3615; x_wconf 85' lang='lat' dir='ltr'>feriunt,</span> <span class='ocrx_word' id='word_1_319' title='bbox 907 3537 947 3602; x_wconf 94' lang='lat' dir='ltr'>ad</span> <span class='ocrx_word' id='word_1_320' title='bbox 962 3539 1098 3603; x_wconf 88' lang='lat' dir='ltr'>animum</span> <span class='ocrx_word' id='word_1_321' title='bbox 1113 3536 1187 3602; x_wconf 81' lang='lat' dir='ltr'>verb</span> <span class='ocrx_word' id='word_1_322' title='bbox 1202 3558 1266 3601; x_wconf 89' lang='lat' dir='ltr'>uon</span> <span class='ocrx_word' id='word_1_323' title='bbox 1281 3533 1414 3621; x_wconf 63' lang='lat' dir='ltr'>perducti</span> <span class='ocrx_word' id='word_1_324' title='bbox 1436 3601 1440 3612; x_wconf 75' lang='grc'>,</span> 
     </span>
    </p>

    <p class='ocr_par' dir='ltr' id='par_1_8' title="bbox 299 3598 1462 4483">
     <span class='ocr_line' id='line_1_38' title="bbox 343 3598 1462 3701; baseline -0.006 -14"><span class='ocrx_word' id='word_1_325' title='bbox 343 3622 467 3689; x_wconf 86' lang='lat' dir='ltr'>Docere</span> <span class='ocrx_word' id='word_1_326' title='bbox 482 3644 540 3688; x_wconf 89' lang='lat' dir='ltr'>nos</span> <span class='ocrx_word' id='word_1_327' title='bbox 558 3622 657 3688; x_wconf 83' lang='lat' dir='ltr'>voluit</span> <span class='ocrx_word' id='word_1_328' title='bbox 678 3622 830 3689; x_wconf 84' lang='lat' dir='ltr'>Horatius</span> <span class='ocrx_word' id='word_1_329' title='bbox 853 3624 886 3688; x_wconf 90' lang='lat' dir='ltr'>in</span> <span class='ocrx_word' id='word_1_330' title='bbox 908 3622 959 3689; x_wconf 89' lang='lat' dir='ltr'>his</span> <span class='ocrx_word' id='word_1_331' title='bbox 977 3623 1097 3701; x_wconf 89' lang='lat' dir='ltr'>Satiris,</span> <span class='ocrx_word' id='word_1_332' title='bbox 1118 3635 1228 3689; x_wconf 90' lang='lat' dir='ltr'>contra</span> <span class='ocrx_word' id='word_1_333' title='bbox 1247 3624 1319 3687; x_wconf 83' lang='lat' dir='ltr'>vitia</span> <span class='ocrx_word' id='word_1_334' title='bbox 1331 3625 1410 3683; x_wconf 69' lang='lat' dir='ltr'>nost!</span> <span class='ocrx_word' id='word_1_335' title='bbox 1417 3598 1462 3667; x_wconf 42' lang='grc' dir='ltr'>ΜΨ</span> 
     </span>
     <span class='ocr_line' id='line_1_39' title="bbox 299 3694 1457 3795; baseline 0 -23"><span class='ocrx_word' id='word_1_336' title='bbox 299 3719 375 3785; x_wconf 89' lang='lat' dir='ltr'>tare,</span> <span class='ocrx_word' id='word_1_337' title='bbox 397 3708 527 3775; x_wconf 84' lang='lat' dir='ltr'>affectus</span> <span class='ocrx_word' id='word_1_338' title='bbox 542 3721 603 3775; x_wconf 89' lang='lat' dir='ltr'>tem</span> <span class='ocrx_word' id='word_1_339' title='bbox 645 3732 724 3788; x_wconf 90' lang='lat' dir='ltr'>rare,</span> <span class='ocrx_word' id='word_1_340' title='bbox 748 3721 886 3775; x_wconf 89' lang='lat' dir='ltr'>naturam</span> <span class='ocrx_word' id='word_1_341' title='bbox 909 3711 941 3774; x_wconf 92' lang='lat' dir='ltr'>in</span> <span class='ocrx_word' id='word_1_342' title='bbox 964 3710 1185 3795; x_wconf 90' lang='lat' dir='ltr'>cupiditatibus</span> <span class='ocrx_word' id='word_1_343' title='bbox 1206 3694 1457 3783; x_wconf 64' lang='lat' dir='ltr'>moderandislll?m</span> 
     </span>
     <span class='ocr_line' id='line_1_40' title="bbox 299 3790 1459 3882; baseline 0.003 -23"><span class='ocrx_word' id='word_1_344' title='bbox 299 3796 397 3878; x_wconf 88' lang='lat' dir='ltr'>sequi,</span> <span class='ocrx_word' id='word_1_345' title='bbox 420 3817 526 3860; x_wconf 84' lang='lat' dir='ltr'>verum</span> <span class='ocrx_word' id='word_1_346' title='bbox 541 3794 592 3858; x_wconf 76' lang='lat' dir='ltr'>is</span> <span class='ocrx_word' id='word_1_347' title='bbox 617 3817 665 3873; x_wconf 89' lang='lat' dir='ltr'>so,</span> <span class='ocrx_word' id='word_1_348' title='bbox 685 3809 718 3860; x_wconf 85' lang='lat' dir='ltr'>et</span> <span class='ocrx_word' id='word_1_349' title='bbox 730 3797 750 3860; x_wconf 78' lang='lat' dir='ltr'>ai</span> <span class='ocrx_word' id='word_1_350' title='bbox 764 3798 859 3862; x_wconf 88' lang='lat' dir='ltr'>rebus</span> <span class='ocrx_word' id='word_1_351' title='bbox 874 3797 950 3881; x_wconf 89' lang='lat' dir='ltr'>ipsis</span> <span class='ocrx_word' id='word_1_352' title='bbox 964 3818 1066 3861; x_wconf 88' lang='lat' dir='ltr'>rerum</span> <span class='ocrx_word' id='word_1_353' title='bbox 1082 3797 1200 3882; x_wconf 86' lang='lat' dir='ltr'>species</span> <span class='ocrx_word' id='word_1_354' title='bbox 1215 3794 1384 3862; x_wconf 71' lang='lat' dir='ltr'>discernere,</span> <span class='ocrx_word' id='word_1_355' title='bbox 1397 3790 1459 3864; x_wconf 63' lang='lat' dir='ltr'><em>W</em></span> 
     </span>
     <span class='ocr_line' id='line_1_41' title="bbox 300 3875 1459 3969; baseline -0.003 -25"><span class='ocrx_word' id='word_1_356' title='bbox 300 3879 416 3944; x_wconf 85' lang='lat' dir='ltr'>dicatas</span> <span class='ocrx_word' id='word_1_357' title='bbox 440 3879 556 3945; x_wconf 71' lang='lat' dir='ltr'>temere</span> <span class='ocrx_word' id='word_1_358' title='bbox 581 3883 743 3966; x_wconf 90' lang='lat' dir='ltr'>opiniones</span> <span class='ocrx_word' id='word_1_359' title='bbox 767 3883 911 3968; x_wconf 88' lang='lat' dir='ltr'>abjicere,</span> <span class='ocrx_word' id='word_1_360' title='bbox 956 3884 1086 3967; x_wconf 89' lang='lat' dir='ltr'>rincipia</span> <span class='ocrx_word' id='word_1_361' title='bbox 1106 3895 1138 3947; x_wconf 89' lang='lat' dir='ltr'>et</span> <span class='ocrx_word' id='word_1_362' title='bbox 1156 3903 1266 3946; x_wconf 85' lang='lat' dir='ltr'>causas</span> <span class='ocrx_word' id='word_1_363' title='bbox 1284 3875 1459 3969; x_wconf 56' lang='lat' dir='ltr'>acuminat</span> 
     </span>
     <span class='ocr_line' id='line_1_42' title="bbox 300 3906 1462 4053; baseline 0.002 -23"><span class='ocrx_word' id='word_1_364' title='bbox 300 3978 416 4030; x_wconf 87' lang='lat' dir='ltr'>trarum</span> <span class='ocrx_word' id='word_1_365' title='bbox 452 3979 630 4052; x_wconf 89' lang='lat' dir='ltr'>perspectas</span> <span class='ocrx_word' id='word_1_366' title='bbox 668 3967 793 4046; x_wconf 86' lang='lat' dir='ltr'>habere,</span> <span class='ocrx_word' id='word_1_367' title='bbox 830 3906 993 4035; x_wconf 70' lang='lat' dir='ltr'>ridicuiim</span> <span class='ocrx_word' id='word_1_368' title='bbox 1028 3969 1162 4053; x_wconf 89' lang='lat' dir='ltr'>denique</span> <span class='ocrx_word' id='word_1_369' title='bbox 1190 3988 1298 4032; x_wconf 86' lang='lat' dir='ltr'>corum</span> <span class='ocrx_word' id='word_1_370' title='bbox 1331 3959 1462 4048; x_wconf 60' lang='lat' dir='ltr'>ptrflssffl&#39;</span> 
     </span>
     <span class='ocr_line' id='line_1_43' title="bbox 299 4039 1459 4141; baseline -0.003 -24"><span class='ocrx_word' id='word_1_371' title='bbox 299 4053 424 4129; x_wconf 86' lang='lat' dir='ltr'>evitare,</span> <span class='ocrx_word' id='word_1_372' title='bbox 441 4056 506 4135; x_wconf 87' lang='lat' dir='ltr'>qui,</span> <span class='ocrx_word' id='word_1_373' title='bbox 529 4054 642 4137; x_wconf 90' lang='lat' dir='ltr'>quibus</span> <span class='ocrx_word' id='word_1_374' title='bbox 658 4052 678 4115; x_wconf 76' lang='lat' dir='ltr'>a</span> <span class='ocrx_word' id='word_1_375' title='bbox 692 4054 874 4138; x_wconf 86' lang='lat' dir='ltr'>magistellis</span> <span class='ocrx_word' id='word_1_376' title='bbox 889 4058 953 4120; x_wconf 88' lang='lat' dir='ltr'>suis</span> <span class='ocrx_word' id='word_1_377' title='bbox 968 4056 1168 4141; x_wconf 90' lang='lat' dir='ltr'>opinionibus</span> <span class='ocrx_word' id='word_1_378' title='bbox 1182 4054 1292 4118; x_wconf 90' lang='lat' dir='ltr'>imbuti</span> <span class='ocrx_word' id='word_1_379' title='bbox 1307 4050 1369 4116; x_wconf 86' lang='lat' dir='ltr'>olim</span> <span class='ocrx_word' id='word_1_380' title='bbox 1379 4039 1459 4105; x_wconf 69' lang='lat' dir='ltr'>fanu</span> 
     </span>
     <span class='ocr_line' id='line_1_44' title="bbox 299 4115 1457 4225; baseline -0.004 -22"><span class='ocrx_word' id='word_1_381' title='bbox 299 4140 338 4203; x_wconf 91' lang='lat' dir='ltr'>iis</span> <span class='ocrx_word' id='word_1_382' title='bbox 358 4138 511 4203; x_wconf 68' lang='lat' dir='ltr'>obstinate</span> <span class='ocrx_word' id='word_1_383' title='bbox 534 4138 697 4216; x_wconf 80' lang='lat' dir='ltr'>inhaerent,</span> <span class='ocrx_word' id='word_1_384' title='bbox 720 4139 810 4204; x_wconf 76' lang='lat' dir='ltr'>nulla</span> <span class='ocrx_word' id='word_1_385' title='bbox 832 4139 940 4207; x_wconf 70' lang='lat' dir='ltr'>habita</span> <span class='ocrx_word' id='word_1_386' title='bbox 960 4143 1079 4206; x_wconf 84' lang='lat' dir='ltr'>ratione</span> <span class='ocrx_word' id='word_1_387' title='bbox 1101 4141 1214 4225; x_wconf 90' lang='lat' dir='ltr'>quibus</span> <span class='ocrx_word' id='word_1_388' title='bbox 1237 4141 1385 4205; x_wconf 81' lang='lat' dir='ltr'>innitantur</span> <span class='ocrx_word' id='word_1_389' title='bbox 1398 4115 1457 4223; x_wconf 58' lang='lat' dir='ltr'>llll*</span> 
     </span>
     <span class='ocr_line' id='line_1_45' title="bbox 300 4219 1457 4306; baseline 0.003 -15"><span class='ocrx_word' id='word_1_390' title='bbox 300 4225 429 4291; x_wconf 86' lang='lat' dir='ltr'>mentis:</span> <span class='ocrx_word' id='word_1_391' title='bbox 445 4246 510 4288; x_wconf 94' lang='lat' dir='ltr'>uno</span> <span class='ocrx_word' id='word_1_392' title='bbox 523 4227 629 4301; x_wconf 84' lang='lat' dir='ltr'>verbo,</span> <span class='ocrx_word' id='word_1_393' title='bbox 646 4226 679 4288; x_wconf 91' lang='lat' dir='ltr'>in</span> <span class='ocrx_word' id='word_1_394' title='bbox 694 4248 732 4290; x_wconf 88' lang='lat' dir='ltr'>eo</span> <span class='ocrx_word' id='word_1_395' title='bbox 746 4225 926 4306; x_wconf 83' lang='lat' dir='ltr'>elaborauit,</span> <span class='ocrx_word' id='word_1_396' title='bbox 943 4240 978 4293; x_wconf 90' lang='lat' dir='ltr'>ut</span> <span class='ocrx_word' id='word_1_397' title='bbox 993 4251 1051 4293; x_wconf 90' lang='lat' dir='ltr'>nos</span> <span class='ocrx_word' id='word_1_398' title='bbox 1067 4228 1159 4292; x_wconf 91' lang='lat' dir='ltr'>nobis</span> <span class='ocrx_word' id='word_1_399' title='bbox 1173 4226 1289 4304; x_wconf 77' lang='lat' dir='ltr'>felices,</span> <span class='ocrx_word' id='word_1_400' title='bbox 1302 4219 1457 4295; x_wconf 59' lang='lat' dir='ltr'>amicitllffll</span> 
     </span>
     <span class='ocr_line' id='line_1_46' title="bbox 299 4289 1456 4395; baseline 0 -17"><span class='ocrx_word' id='word_1_401' title='bbox 299 4313 356 4378; x_wconf 91' lang='lat' dir='ltr'>dos</span> <span class='ocrx_word' id='word_1_402' title='bbox 374 4324 406 4377; x_wconf 87' lang='lat' dir='ltr'>et</span> <span class='ocrx_word' id='word_1_403' title='bbox 423 4309 543 4388; x_wconf 88' lang='lat' dir='ltr'>fideles,</span> <span class='ocrx_word' id='word_1_404' title='bbox 566 4311 711 4376; x_wconf 88' lang='lat' dir='ltr'>omnibus</span> <span class='ocrx_word' id='word_1_405' title='bbox 726 4313 912 4395; x_wconf 87' lang='lat' dir='ltr'>quibuscum</span> <span class='ocrx_word' id='word_1_406' title='bbox 925 4317 1067 4392; x_wconf 84' lang='lat' dir='ltr'>vivimus,</span> <span class='ocrx_word' id='word_1_407' title='bbox 1089 4312 1281 4391; x_wconf 88' lang='lat' dir='ltr'>commodos,</span> <span class='ocrx_word' id='word_1_408' title='bbox 1301 4307 1383 4377; x_wconf 76' lang='lat' dir='ltr'>utiles</span> <span class='ocrx_word' id='word_1_409' title='bbox 1399 4289 1456 4357; x_wconf 54' lang='lat' dir='ltr'>‘ll‘</span> 
     </span>
     <span class='ocr_line' id='line_1_47' title="bbox 299 4400 596 4483; baseline -0.013 -19"><span class='ocrx_word' id='word_1_410' title='bbox 299 4400 330 4464; x_wconf 88' lang='lat' dir='ltr'>ni</span> <span class='ocrx_word' id='word_1_411' title='bbox 377 4420 413 4464; x_wconf 92' lang='lat' dir='ltr'>os</span> <span class='ocrx_word' id='word_1_412' title='bbox 427 4409 596 4483; x_wconf 83' lang='lat' dir='ltr'>praestaret</span> 
     </span>
    </p>

    <p class='ocr_par' dir='ltr' id='par_1_9' title="bbox 362 4472 1454 4572">
     <span class='ocr_line' id='line_1_48' title="bbox 362 4472 1454 4572; baseline 0.003 -22"><span class='ocrx_word' id='word_1_413' title='bbox 362 4484 544 4570; x_wconf 85' lang='lat' dir='ltr'>nterpretari</span> <span class='ocrx_word' id='word_1_414' title='bbox 558 4481 705 4548; x_wconf 88' lang='lat' dir='ltr'>Auctoris</span> <span class='ocrx_word' id='word_1_415' title='bbox 720 4484 825 4562; x_wconf 83' lang='lat' dir='ltr'>verba,</span> <span class='ocrx_word' id='word_1_416' title='bbox 841 4485 873 4549; x_wconf 93' lang='lat' dir='ltr'>in</span> <span class='ocrx_word' id='word_1_417' title='bbox 888 4485 1033 4572; x_wconf 80' lang='lat' dir='ltr'>Frgurus</span> <span class='ocrx_word' id='word_1_418' title='bbox 1046 4487 1178 4571; x_wconf 90' lang='lat' dir='ltr'>digitum</span> <span class='ocrx_word' id='word_1_419' title='bbox 1192 4484 1350 4553; x_wconf 73' lang='lat' dir='ltr'>intendere,</span> <span class='ocrx_word' id='word_1_420' title='bbox 1366 4472 1454 4537; x_wconf 53' lang='lat' dir='ltr'>wlf*</span> 
     </span>
    </p>
   </div>
   <div class='ocr_carea' id='block_1_5' title="bbox 297 4551 1453 4659">
    <p class='ocr_par' dir='ltr' id='par_1_10' title="bbox 297 4551 1453 4659">
     <span class='ocr_line' id='line_1_49' title="bbox 297 4551 1453 4659; baseline -0.005 -23"><span class='ocrx_word' id='word_1_421' title='bbox 297 4592 353 4655; x_wconf 87' lang='lat' dir='ltr'>per</span> <span class='ocrx_word' id='word_1_422' title='bbox 368 4572 515 4639; x_wconf 89' lang='lat' dir='ltr'>orationis</span> <span class='ocrx_word' id='word_1_423' title='bbox 531 4569 678 4637; x_wconf 77' lang='lat' dir='ltr'>involutae</span> <span class='ocrx_word' id='word_1_424' title='bbox 691 4568 898 4656; x_wconf 84' lang='lat' dir='ltr'>labyrinthos,</span> <span class='ocrx_word' id='word_1_425' title='bbox 919 4587 973 4638; x_wconf 85' lang='lat' dir='ltr'>aut</span> <span class='ocrx_word' id='word_1_426' title='bbox 986 4572 1209 4659; x_wconf 85' lang='lat' dir='ltr'>parentheseos</span> <span class='ocrx_word' id='word_1_427' title='bbox 1224 4573 1349 4639; x_wconf 84' lang='lat' dir='ltr'>obscura</span> <span class='ocrx_word' id='word_1_428' title='bbox 1359 4551 1453 4624; x_wconf 61' lang='lat' dir='ltr'>andra</span> 
     </span>
    </p>
   </div>
   <div class='ocr_carea' id='block_1_6' title="bbox 0 0 1535 4984">
    <p class='ocr_par' dir='ltr' id='par_1_11' title="bbox 0 0 1535 4984">
     <span class='ocr_line' id='line_1_50' title="bbox 0 0 1535 4984; baseline 0 0"><span class='ocrx_word' id='word_1_429' title='bbox 0 0 1535 4984; x_wconf 95' lang='lat' dir='ltr'> </span> 
     </span>
    </p>
   </div>
  </div>
 </body>
</html>
