3059 4984
281 285 344 351 164
668 282 712 358 Q.
735 277 937 348 HORATll
968 275 1131 345 FLACCI

280 423 470 480 aoeloeouunsrt,
479 423 574 483 quanto
583 421 698 476 tanniu,
712 418 877 502 Regnare:
897 437 1037 500 praesens
1051 413 1142 478 divus
1155 410 1320 476 habebitur

282 488 700 615 issssffiffisseggffl
755 505 929 589 Augustus,
944 501 1070 587 rejects
1087 498 1248 563 saumis

283 619 411 675 osanna,
425 627 450 666 a
461 619 537 665 reris
548 617 699 664 amieria.
801 589 949 674 Imperio,
964 587 1173 672 gravibusque
1190 583 1305 648 Peraia.

282 686 378 761 argone
390 684 468 760 erim
477 681 699 760 'mites'usorupe
714 675 851 742 Milesne
866 675 971 740 Crassi
986 673 1118 757 conjuge
1133 667 1266 735 barbaris

283 764 383 825 “⁸9⁰⁸
412 763 447 796 ”¹²
477 748 572 796 ¹¹¹s⁸¹¹¹¹⁸
602 747 699 796 ‘'¹⁰⁸¹‘'
714 763 765 828 Tu
805 763 832 826 is
847 763 974 826 maritus
989 761 1086 824 vixit?
1132 756 1176 822 Et
1190 756 1326 821 hostium

767 786 858 914 liroh
873 846 979 925 Curia,
994 845 1170 928 inversique
1184 844 1304 907 mores!

284 815 392 862 Etiamne

758 851 770 932 (

773 1009 1042 1059 ANNOTATIONES.

322 1106 444 1152 Tonantem
454 1104 678 1151 credidimaslooem
686 1097 814 1164 Regnare]
840 1100 889 1147 Cic.
923 1098 992 1145 Adde
1014 1095 1173 1157 xiphilinus,
1200 1096 1225 1141 in
1248 1093 1349 1154 Augusti
1370 1093 1452 1138 bioaar

286 1171 317 1218 de
334 1170 389 1216 Nat.
408 1170 478 1216 Deor.
495 1170 517 1216 2.
542 1169 623 1216 Nonne
643 1170 789 1228 perspiceres
809 1173 890 1213 estes
922 1164 1037 1210 Phraates
1042 1163 1121 1223 perid
1128 1166 1354 1221 tempesmetuensse
1363 1158 1453 1204 Casan

283 1238 361 1296 prima
371 1237 522 1282 admiratione
530 1235 650 1288 bominum,
660 1235 721 1295 quid
729 1230 890 1292 tonitruajac·
923 1230 1080 1275 mexercitum
1091 1228 1193 1280 duceret,
1209 1228 1309 1285 captivos
1319 1225 1351 1270 ad
1364 1239 1414 1270 eam
1430 1238 1452 1266 re

287 1308 367 1362 tuaque
383 1298 509 1361 fulminum
531 1301 695 1352 retinuissent,
718 1299 842 1344 credidisse
863 1311 891 1343 ea
923 1301 946 1341 et
964 1297 1031 1354 sigrsa
1051 1294 1170 1346 mititaria,
1189 1305 1240 1351 quae
1256 1293 1271 1336 si
1290 1290 1374 1335 Crasso
1392 1303 1453 1347 aracp

286 1367 372 1425 efficere
394 1380 470 1412 rerum
491 1367 587 1411 ommam
610 1369 772 1423 prepotentem
792 1362 891 1408 lovem?
923 1363 969 1420 qud
984 1375 1012 1406 es
1027 1374 1052 1404 rc
1065 1359 1143 1403 Caesar
1154 1355 1387 1416 gloriaetefferebatrsr,
1404 1357 1453 1414 quii

288 1433 384 1477 Saetosi.
397 1431 477 1477 Octsv.
489 1430 529 1478 29.
550 1429 648 1475 Tonanti
659 1429 711 1474 Jooi
726 1428 797 1473 adem
814 1441 890 1472 coese-
924 1426 1000 1470 labore
1011 1425 1167 1483 recuperasset
1178 1436 1212 1472 ea,
1223 1436 1273 1481 φα
1283 1420 1326 1465 alii
1335 1421 1425 1480 magnis
1437 1434 1452 1477 p

287 1497 363 1543 cramt
373 1496 483 1542 liberatus
491 1494 600 1554 periculo,
614 1497 665 1539 cum
675 1494 818 1552 expeditione
831 1492 892 1536 Can-
924 1491 1069 1536 amisissent:
1087 1488 1114 1533 ob
1125 1503 1175 1533 eam
1191 1501 1282 1532 causam
1297 1500 1366 1531 saera
1375 1481 1441 1545 feeit,

289 1562 379 1607 tobrs'cd
387 1575 431 1621 per
441 1566 573 1605 nocturnum
580 1560 633 1612 iter,
645 1559 747 1604 lecticam
755 1555 806 1618 ejus
810 1554 893 1617 fulgor
925 1556 1004 1601 sedens
1015 1556 1038 1599 in
1049 1569 1106 1614 equo
1116 1554 1192 1598 urbem
1205 1554 1320 1611 ingressus
1330 1557 1372 1596 est.
1409 1548 1429 1593 Τ
1430 1563 1453 1592 es

285 1627 466 1686 perstrinxisset,
488 1638 619 1684 anuumque
634 1625 794 1683 praelucentem
813 1621 893 1668 exani·
926 1620 1034 1672 dabatur,
1050 1618 1111 1679 quid
1120 1617 1165 1662 sibi
1176 1617 1235 1661 nilsil
1242 1622 1356 1676 praterea
1367 1615 1453 1674 acquire

288 1694 381 1736 mdsset.
394 1689 482 1735 Lucan.
494 1688 534 1733 lib.
546 1687 569 1734 ii.
581 1703 602 1732 v.
614 1686 670 1734 319.
925 1700 973 1730 esse
980 1690 1087 1744 putaret.
1096 1687 1167 1728 ..cim
1178 1689 1236 1727 esset
1246 1687 1321 1727 autem
1331 1682 1355 1725 is
1367 1681 1434 1726 Asia
1445 1693 1453 1722 r

360 1787 447 1801 ......
453 1754 500 1800 Per
502 1750 605 1814 finissimo
616 1756 704 1798 tantum
926 1766 968 1810 que
984 1755 1007 1795 ct
1027 1750 1171 1808 principatum
1190 1749 1278 1807 partim
1299 1745 1353 1791 aliis
1371 1745 1453 1802 confirm

322 1821 397 1866 Sciret
408 1820 482 1865 adbuc
491 1819 561 1864 solum
572 1819 628 1864 coelo
639 1831 735 1878 regnare
747 1822 868 1861 tonantem.
923 1817 1010 1875 partim
1022 1815 1054 1859 ad
1067 1814 1125 1859 alios
1136 1813 1298 1865 transtulisset,
1314 1810 1453 1857 condensati

323 1885 345 1931 2.
363 1884 469 1931 Praesens
479 1885 545 1930 dicus
560 1878 701 1942 habebitur]
736 1881 791 1926 Non
809 1884 824 1925 a
844 1880 893 1925 ao-
927 1880 1021 1925 busdam
1032 1879 1131 1939 regibus,
1147 1878 1260 1923 nonnullis
1269 1877 1338 1922 etiam
1349 1876 1450 1920 laudatis

290 1950 366 1996 manis
383 1951 477 1995 tantum
496 1949 538 1995 sed
555 1955 580 1994 et
596 1949 626 1993 ab
643 1946 730 1994 exteris
749 1944 892 1991 natiombus.
925 1947 950 1989 in
960 1945 1085 1990 amicitiam
1095 1945 1199 2003 receptis,
1213 1944 1281 2004 quam
1289 1941 1399 2002 plm
1409 1941 1453 2000 legs

291 2014 393 2061 Names
405 2016 501 2061 Sueten.
530 2012 826 2074 Pleraqueprooinciarum
837 2017 893 2056 tess-
926 2010 1017 2056 adeum
1027 2015 1144 2063 macrum,
1155 2007 1194 2070 ξε.

286 2082 330 2141 pla
347 2087 370 2127 et
384 2096 439 2127 aras
454 2081 626 2133 rorutitucrunt,
644 2079 704 2139 quod
719 2077 774 2123 aliis
790 2091 832 2121 non
849 2075 895 2120 nisi
960 2076 982 2120 ὅ.
1010 2074 1108 2120 dfilesne
1131 2073 1209 2118 Crassi
1229 2068 1325 2132 conjuge
1346 2070 1453 2122 emtore,

288 2151 340 2205 post
350 2151 442 2192 mortem
452 2146 586 2206 contigerat.
615 2142 739 2188 ldiactum
749 2139 858 2199 Pergami
870 2139 895 2185 in
929 2138 1008 2198 Auget
1019 2139 1091 2184 Po'e‘ta
1107 2137 1221 2183 invidiam
1237 2151 1265 2182 ac
1275 2134 1448 2196 turpitudinem

292 2209 357 2266 Asis,
365 2209 510 2256 Nicomediae
519 2209 543 2253 in
552 2206 667 2268 Bithynii
675 2206 747 2253 refert
754 2206 800 2252 Dio
807 2205 847 2251 lib.
855 2203 895 2251 ol.
928 2203 989 2250 sioni
997 2203 1122 2257 exercitiis,
1131 2209 1157 2248 ut
1164 2202 1220 2247 hinc
1229 2203 1341 2261 maj0rem
1348 2208 1418 2259 paret
1426 2199 1453 2244 iis

292 2274 376 2334 Virgil.
388 2275 469 2333 Eclog.
483 2273 504 2320 l.
928 2268 1035 2330 gloriam,
1047 2267 1087 2328 qui
1097 2268 1198 2314 dedecus
1210 2266 1269 2312 illud
1277 2265 1424 2319 absterserit,
1432 2279 1453 2310 et

327 2340 348 2385 0
358 2339 472 2393 Melitae,
482 2338 547 2384 Deus
556 2336 620 2383 nobis
630 2337 678 2382 lsaea
688 2331 807 2398 otioseeit,
928 2334 1003 2380 cende
1018 2332 1060 2393 qui
1073 2341 1147 2379 ‘mtea
1163 2332 1270 2386 victores,
1286 2341 1311 2377 et
1323 2330 1398 2377 Clade
1411 2331 1453 2374 Cra

326 2403 432 2463 Namque
448 2404 493 2449 erit
510 2402 549 2448 ille
565 2402 620 2447 miii
635 2415 722 2461 semper
737 2401 816 2447 Deus:
833 2400 897 2446 illius
929 2401 1001 2446 eitius
1011 2401 1096 2445 animos
1107 2403 1274 2450 asserentes
1288 2396 1349 2442 Flor.
1362 2395 1405 2441 lib.
1418 2395 1453 2440 ir

391 2482 457 2513 aram
929 2465 1016 2511 exinde
1029 2463 1142 2509 Romanis
1153 2460 1325 2509 formidabiles:
1343 2469 1373 2506 ut
1388 2459 1437 2506 dixi

327 2532 392 2592 Saepe
403 2537 467 2578 tener
475 2532 560 2576 aarum
570 2530 600 2576 alr
608 2530 704 2576 ovilibus
714 2529 798 2576 imbuet
809 2544 890 2590 agnus
930 2530 961 2576 ad
972 2530 1040 2575 Odcn
1053 2527 1090 2576 la.
1103 2527 1141 2574 cit.

327 2595 351 2642 3.
369 2594 475 2658 Adjectis
486 2595 607 2640 Britannis
615 2591 733 2654 Imperia]
763 2594 807 2640 Ille
818 2602 897 2639 tamen
965 2590 1064 2654 Crassi]
1083 2593 1140 2639 Luc.
1154 2592 1215 2638 Flor.
1227 2592 1267 2637 lib.
1279 2589 1302 2637 3.
1314 2605 1365 2650 cap.
1381 2589 1419 2636 11.
1438 2590 1453 2634 C

295 2661 346 2722 lpse
357 2661 461 2707 Intactas
472 2660 607 2714 Britannus,
625 2660 700 2720 Epod.
717 2659 740 2714 7.
752 2667 777 2705 et
789 2665 841 2719 past
852 2659 897 2704 Di·
930 2665 967 2705 tas
979 2660 1083 2705 Consulis
1095 2659 1181 2713 Crassi,
1192 2658 1245 2703 dam
1257 2656 1369 2702 Pastlsico
1384 2657 1453 2700 initiat

295 2742 346 2773 vum
353 2726 441 2772 dulium
451 2727 509 2772 nulli
520 2731 627 2780 tentam,
638 2739 682 2770 nec
694 2724 738 2770 nisi
749 2726 780 2770 ab
792 2725 897 2784 impera·
930 2726 1033 2770 undecim
1043 2731 1122 2784 strage
1132 2725 1243 2783 legionum
1254 2728 1277 2768 et
1288 2722 1361 2782 ipsius
1373 2721 1448 2780 capite

296 2797 346 2836 tore
367 2790 466 2837 Claudio
487 2790 645 2851 triumphatus
665 2789 758 2835 dicitur.
801 2790 897 2835 Sueton.
931 2796 1036 2836 tataest.
1046 2789 1287 2848 ..Filiumdecisperst
1299 2789 1450 2846 inconspecte

297 2854 554 2910 Claud17.Tacitin
566 2855 614 2901 vita
625 2854 749 2914 Agricola,
761 2854 803 2900 &a
836 2854 899 2912 Ergo
931 2855 983 2900 telis
993 2869 1100 2915 operuere
1111 2856 1191 2900 hostes.
1213 2853 1277 2912 'Reli
1293 2853 1337 2896 uio
1354 2848 1453 2911 inseiis-is

297 2920 364 2980 quasi
379 2920 466 2966 futurae
481 2919 585 2966 victorie
602 2919 743 2980 presagium
760 2919 848 2979 scripta
864 2927 899 2964 est
931 2921 998 2973 cittis,
1014 2924 1058 2980 qut
1069 2919 1265 2980 quemquerapuit
1299 2932 1340 2978 ga,
1358 2918 1386 2961 in
1397 2917 1453 2962 Arm

297 2985 348 3032 haec
360 2986 410 3032 Ode
426 2984 582 3046 proficiscenti
593 2985 723 3031 adbellum
735 2983 899 3030 Britannicum
933 2985 1046 3038 Ciliciam,
1068 2984 1203 3044 Syriamque
1222 2984 1347 3035 distracta,
1373 2984 1413 3027 cir
1435 2996 1453 3025 m

299 3051 414 3111 Augusto,
432 3051 495 3096 unde
512 3057 592 3096 umen
609 3057 731 3096 revocatus
746 3056 782 3095 est
797 3048 900 3094 motibus
932 3050 1005 3096 cladis
1029 3050 1164 3095 retuterunt.
1207 3048 1282 3108 Caput
1300 3044 1350 3108 ejus
1372 3049 1453 3093 recisus

298 3130 325 3162 ac
345 3115 485 3161 tumultibus
503 3113 640 3160 Dalmaticis
658 3122 682 3159 et
700 3113 849 3168 Pannonicis,
871 3126 901 3158 er
933 3115 1016 3161 decad
1035 3129 1102 3159 manu
1121 3114 1153 3159 ad
1169 3113 1254 3172 liegem
1270 3117 1422 3171 reportatum,
1439 3111 1453 3154 a

299 3179 384 3234 Dione,
395 3180 436 3226 lib.
448 3179 486 3227 49.
496 3179 534 3225 vel
543 3193 582 3225 eos
591 3178 658 3237 quasi
667 3177 740 3223 victos
750 3178 822 3223 Poita
830 3177 901 3233 canit,
926 3176 986 3241 filit,
1005 3194 1045 3225 nee
1061 3179 1162 3238 indigni.
1196 3177 1285 3223 Aurum
1303 3177 1363 3222 eninr
1384 3177 1453 3237 liquid

299 3245 340 3304 qui
358 3245 390 3291 sd
407 3245 543 3303 Augrutum
563 3243 653 3303 aliquot
673 3249 725 3303 post
744 3253 819 3288 annos
836 3257 901 3288 arma
933 3240 1176 3304 rictumorisinfesam
1183 3249 1216 3288 est
1221 3260 1230 3295 ,·
1242 3249 1267 3287 ut
1275 3239 1341 3302 cujus
1348 3244 1453 3286 wimari

299 3324 394 3356 rursum
409 3312 438 3355 eb
453 3316 576 3370 parentem
592 3306 687 3362 inferre,
699 3309 798 3367 jamque
814 3309 901 3352 iturum
933 3311 986 3355 aum'
996 3309 1131 3369 cupiditate,
1142 3306 1191 3369 ejus
1203 3310 1271 3353 etiam
1282 3312 1453 3352 mansuete

301 3375 414 3422 Caesarem
425 3376 449 3421 tn
459 3375 549 3421 ultimos
559 3373 620 3419 orbis
627 3372 761 3427 Britannos,
772 3372 862 3431 legatos
871 3372 901 3418 de
933 3389 1013 3434 corpus
1023 3388 1080 3419 auro
1090 3379 1202 3418 ureretur.

299 3454 357 3500 pace
370 3439 499 3486 miremini:
517 3439 564 3499 qut
574 3437 701 3498 impetrati
712 3435 828 3497 Capitolio
840 3437 902 3481 dona
968 3436 1069 3498 conjuge
1080 3438 1180 3484 barim
1192 3436 1275 3496 Turpis
1285 3437 1385 3482 maritus
1395 3436 1453 3482 risit

300 3503 440 3560 intulerunt,
456 3518 570 3564 suamque
582 3502 696 3549 Romanis
711 3501 814 3547 insulam
829 3504 902 3562 prope
934 3503 963 3548 et
974 3502 1086 3548 nimirum
1097 3502 1163 3547 clade
1172 3500 1274 3547 Romani
1285 3500 1405 3546 exereitus
1417 3500 1446 3545 sd

300 3574 374 3614 totam
385 3568 535 3615 addixerunt.
569 3567 646 3614 Testis
654 3568 745 3621 Strabo,
755 3566 831 3612 libi.
860 3561 902 3611 Oi·
934 3566 1010 3613 millia
1020 3565 1147 3614 desiderati
1164 3575 1227 3621 sunt,
1244 3566 1274 3611 sd
1291 3566 1375 3611 decem
1394 3567 1449 3610 vero

301 3631 372 3678 setar
383 3628 477 3693 σχεδὸν
492 3629 688 3696 mapesssiaaav
705 3631 761 3687 τοῖς
769 3625 903 3692 Ῥωμαίοις
935 3632 1004 3692 capti,
1013 3631 1160 3692 turpitudine
1168 3633 1320 3677 barbararum
1329 3631 1453 3691 conjugum

301 3692 368 3753 ὅλην
379 3696 429 3755 τὴν
440 3697 531 3755 νῆσον,
548 3699 591 3744 &a
625 3697 687 3751 Alit,
704 3697 768 3757 qubd
784 3711 827 3757 per
839 3695 902 3741 Dru·
935 3698 1094 3750 redemerunt,
1103 3696 1181 3742 imbet
1189 3704 1362 3742 consueverunt
1369 3710 1426 3740 cum
1436 3695 1453 3739 h.

300 3775 356 3806 sum
374 3762 475 3821 Augusti
496 3762 632 3823 privignum
653 3762 701 3807 siat
719 3760 832 3822 superati,
852 3762 903 3821 ejus
936 3762 1029 3817 soceris,
1038 3771 1061 3807 et
1071 3761 1095 3812 in
1102 3775 1184 3806 eorum
1192 3760 1274 3807 castris
1282 3760 1453 3805 militirnnai

302 3839 387 3886 nempe
394 3826 501 3873 feticibus
510 3826 627 3886 auspiciis.
643 3825 704 3872 Vide
712 3826 752 3871 lib.
759 3826 781 3871 i.
789 3826 857 3871 Oden
864 3824 901 3871 14.
934 3826 975 3873 lib.
986 3827 1009 3873 2.
1021 3827 1051 3872 de
1062 3826 1123 3872 bello
1133 3825 1255 3871 Parthico:
1267 3824 1387 3872 Plutarch.
1399 3825 1442 3870 &a

301 3890 333 3935 sd
344 3890 424 3935 tinem.
967 3890 991 3937 6.
1005 3890 1090 3951 Turpis
1099 3887 1216 3952 maritus]
1233 3891 1247 3936 J
1250 3897 1329 3935 ustum
1340 3889 1408 3935 enim
1419 3902 1453 3933 nu

334 3954 358 4002 4.
372 3949 634 4015 Graoimuquel'ersts.]
658 3953 749 4000 Graves
758 3953 841 3999 Persas
849 3953 903 4013 qui·
936 3954 1003 4001 nium
1020 3964 1056 4001 est
1072 3955 1208 4001 intercisas
1225 3954 1453 4009 conmmeatum

303 4018 358 4065 dam
366 4018 510 4079 intelligunt,
519 4018 660 4078 qulagraris
668 4024 807 4064 armemroe:
818 4019 904 4065 melius
936 4034 965 4066 eo
977 4027 1092 4080 pretereo
1107 4020 1237 4080 turpitudo,
1253 4019 1317 4079 quad
1329 4033 1418 4065 uxores
1429 4019 1453 4063 dr

302 4083 344 4130 alii
359 4085 389 4131 ab
404 4083 482 4131 Crassi
499 4082 662 4142 grammianum
677 4087 740 4129 certe
758 4082 857 4138 cladem,
873 4083 903 4129 de
936 4084 996 4130 filias
1011 4085 1159 4139 Parthorum,
1176 4085 1217 4144 qui
1234 4084 1296 4131 inter
1311 4083 1432 4143 Assyrios,
1449 4082 1453 4126 1

302 4150 350 4208 qui
360 4163 424 4195 mor.
447 4148 480 4195 Hi
491 4151 568 4209 porro,
576 4147 617 4207 qui
627 4162 671 4208 pro
679 4147 772 4194 Parthis
783 4155 904 4208 ponuntur
935 4164 963 4195 ac
974 4149 1056 4195 Persas
1066 4149 1239 4195 obscurissimi:
1251 4149 1340 4208 quique
1351 4148 1453 4207 Scythas

302 4214 353 4260 sine
365 4214 445 4269 dubio,
461 4213 572 4259 dicuntur
582 4212 680 4268 subacti,
696 4213 760 4272 quod
771 4214 904 4259 Armeniam
936 4215 1048 4260 rebantur
1055 4215 1136 4260 exules
1145 4229 1172 4260 ac
1180 4213 1281 4274 profugi,
1289 4212 1353 4273 quod
1361 4219 1431 4258 soast
1439 4226 1452 4253 v

302 4281 429 4326 uindicanti
436 4279 542 4340 Augusto
545 4275 619 4338 facile
627 4285 756 4325 cesserunt:
768 4278 856 4324 obsides
864 4279 903 4324 ab·
936 4278 1000 4331 lum;
1011 4279 1122 4338 denique,
1133 4280 1197 4338 qubd
1207 4277 1333 4337 conscripti
1343 4277 1368 4322 iu
1377 4290 1453 4322 eorua

302 4345 410 4390 tulerunt.
451 4344 494 4389 ius
518 4341 613 4389 creandi
641 4342 702 4401 regis
729 4342 903 4404 permiserunt:
936 4344 993 4398 citu,
1004 4344 1045 4403 qui
1056 4352 1119 4390 totus
1134 4343 1304 4404 penteserris
1317 4350 1443 4388 coniuret.

302 4409 413 4471 adempta
429 4408 531 4468 denique
551 4408 585 4453 Μ.
603 4407 686 4454 Crasso
705 4414 729 4453 et
747 4408 781 4454 Μ.
801 4407 905 4453 Antonio
937 4413 1032 4455 etcum
1048 4410 1081 4455 M.
1094 4409 1198 4455 Antonio
1215 4407 1372 4454 occurrissent
1391 4405 1452 4451 milli

302 4473 370 4532 signa
390 4473 501 4520 militaria
520 4472 668 4520 remiserunt.
702 4473 799 4518 Sueton.
823 4472 904 4517 Octav.
936 4473 1031 4519 thorum
1048 4473 1353 4533 equitumquinquaginta;
1371 4469 1453 4532 quadri

303 4552 352 4598 esp.
364 4540 387 4585 2.
400 4540 498 4602 Eutrop.
511 4539 573 4586 Flor.
582 4538 663 4586 Aurel.
674 4536 761 4593 Victor,
774 4537 815 4583 &a
842 4536 905 4583 Vide
936 4539 966 4585 ad
977 4553 1096 4584 sunimum
1106 4539 1202 4586 suerunt
1212 4537 1319 4598 ingenui.

303 4602 374 4650 etiam
388 4620 441 4664 ques
457 4604 567 4653 suasuri
584 4604 624 4652 lib.
638 4603 659 4651 1.
674 4603 726 4651 Ode
738 4602 776 4653 19.
788 4602 820 4650 sd
830 4618 851 4649 v.
866 4601 903 4651 12.
969 4601 992 4658 7.
1009 4604 1071 4650 Prot
1084 4604 1164 4662 Curia,
1174 4605 1301 4666 inversique
1312 4597 1413 4662 marest]
1432 4601 1453 4646 0
