3059 4984
345 251 673 319 EPISTOLARUM
695 252 837 320 LIBER
860 254 886 320 1.
908 256 940 320 6.
1182 258 1248 324 485

56 384 110 452 Nee
121 384 238 453 modici
250 409 372 453 coenare
385 392 474 455 dures
489 389 557 455 olus
571 413 660 456 omne
673 390 798 476 patellb,
836 406 879 440 ¹¹⁶⁰
887 393 997 439 ⁸⁰⁰⁰“0e
1007 393 1076 441 suere
1085 394 1183 455 quoave.
1191 396 1241 443 orus

56 474 185 558 iupremo
199 485 229 539 te
244 473 308 539 sole
323 475 415 553 domi,
432 476 481 541 Το
518 488 597 555 uate,
610 479 749 543 manebo.
834 458 1239 583 fflfflfflfflfflss

56 558 120 623 Vina
131 559 216 624 bibes
229 561 338 625 iterum
353 561 457 627 Tauro
471 563 502 627 di
548 585 592 640 sa,
607 564 758 648 palustres
801 564 927 635 Arausa
947 588 1036 644 vinum,
1057 590 1135 636 raum
1154 590 1241 637 aarum

56 644 124 709 luter
137 645 321 723 Minturnas,
337 648 617 733 Sinuessanumque
633 649 801 715 Petrinum.
833 655 922 700 ⁰⁰⁸⁰
941 655 967 700 ss
986 655 1054 700 aaa
1073 654 1158 710 nuum,
1178 655 1241 702 inter

56 731 96 795 lin
107 730 211 796 melius
225 733 299 818 quid
313 732 420 813 habes,
439 757 577 814 arcesse3
600 735 649 802 vel
662 736 822 820 imperinm
834 717 1106 830 fflffifflqu
1123 720 1240 834 affl}
1290 736 1293 743 ,

159 817 212 883 fer.
694 821 820 906 [pellex.
834 846 905 893 hams
914 848 1104 907 atqmometiu,
1115 849 1186 903 auen
1202 850 1240 896 rel

56 902 218 969 iamdudum
238 904 379 989 splendet
397 905 493 984 focus,
513 917 545 971 et
565 908 619 973 tibi
641 908 757 973 munda
771 932 821 974 su·
829 912 896 972 1000
905 927 1028 973 exequere.
1044 914 1190 974 iampridem
1200 928 1240 961 sc-

56 989 128 1054 llitte
140 990 219 1055 leves
234 1014 316 1076 spes,
332 1004 364 1057 et
376 994 540 1058 certamina
554 992 735 1072 divitiarum,
832 978 1240 1103 {ffiffmmfflssfflffi

56 1074 84 1139 dt
96 1074 211 1141 Moschi
225 1099 358 1142 calisam.
403 1078 564 1144 Clastidio
579 1080 700 1144 Caesnre
714 1080 810 1145 festus
832 1107 934 1153 termitte
944 1122 1024 1153 comm
1038 1124 1114 1155 rerum
1128 1108 1238 1165 sutilium,

56 1160 226 1227 [latreuiam
241 1185 442 1249 somnumque
457 1164 533 1229 dies.
573 1165 703 1251 Impune
718 1166 859 1232 lioebit¹²c
879 1172 968 1218 ⁰⁰0¹0³
988 1188 1032 1232 νο
1052 1173 1143 1232 opibus,
1169 1182 1240 1233 arque

56 1247 180 1313 usuram
192 1272 332 1315 sermone
344 1252 478 1336 benigno
489 1252 614 1316 tendere
625 1264 755 1317 noctem.
781 1256 816 1318 ll
831 1235 1239 1350 fflssffffiffffiffifflfss

56 1332 108 1404 Qud
121 1335 190 1399 mihi
204 1335 353 1414 fortunas,
368 1338 394 1400 si
407 1360 471 1401 non
484 1339 661 1402 conceditur
674 1341 718 1403 uti
729 1343 742 1404 1
832 1366 913 1426 surges
923 1366 1240 1423 noeauamoonniennms.

56 1418 148 1485 Parcus
165 1422 205 1485 ob
218 1420 350 1487 haeredis
364 1445 478 1500 curam,
495 1425 682 1509 nimiumque
696 1447 820 1490 severus
832 1431 1035 1491 quaeritassem
1049 1431 1153 1478 auvam
1167 1433 1239 1493 aretin

57 1504 155 1571 lsaidet
167 1508 285 1573 insano
332 1508 455 1587 Potare,
470 1520 502 1576 et
514 1532 657 1595 spargere
670 1510 763 1575 flores
825 1495 953 1622 5⁰3¹}
960 1498 1240 1609 fflffi‘ffiffifpgss

56 1617 90 1673 ruis
98 1623 159 1677 parce
168 1622 264 1676 victitat,
275 1620 392 1682 nimisque
402 1621 481 1677 tristia
491 1622 611 1669 haredum
621 1625 698 1680 causa
708 1625 747 1671 ille
757 1624 828 1672 stulto
838 1594 958 1686 proxidrus
968 1635 1010 1674 est.
1033 1627 1084 1689 ls'go
1092 1632 1144 1675 oerb
1154 1630 1241 1683 eontra,

56 1684 492 1748 roemaglsbiertspargamllores:

505 1802 769 1851 ANNOTATIONES.

74 1914 158 1962 boias
173 1913 254 1978 onae]
290 1917 382 1964 Durum
398 1918 456 1976 olus,
478 1920 551 1967 betarn
565 1920 617 1982 ple·
681 1919 883 1981 Sinuessanumque
892 1915 1031 1980 Petrinum]
1059 1919 1241 1967 Montemalunt

57 1979 264 2029 messana
276 1997 299 2028 v.
310 1982 362 2029 112.
649 1998 700 2030 esse
720 1984 772 2029 urbi
792 1984 907 2030 Sinuessae
926 1983 1094 2040 imminentem,
1116 1985 1155 2030 ubi
1177 1999 1240 2031 nunc

73 2042 203 2105 SSupreno
213 2044 280 2109 saie]
316 2049 364 2094 Sub
375 2063 502 2109 vesperam
530 2049 617 2109 Perpe-
649 2048 761 2108 oppidum
778 2063 831 2095 cum
845 2063 898 2095 aree
911 2051 973 2109 apud
987 2049 1121 2095 Sinuessam
1131 2049 1240 2096 exonam.

56 2109 162 2169 autaliqui
179 2112 318 2159 altissimum
333 2114 404 2159 solem
418 2113 542 2174 accipiunt,
559 2114 616 2160 affe·
649 2112 677 2158 V.
699 2114 774 2160 Rusca
793 2115 819 2160 di
839 2120 911 2161 oronte
931 2115 1047 2174 Dragone.
1088 2114 1135 2159 Alii
1159 2114 1242 2161 dicunt

57 2180 131 2231 totque
147 2176 242 2223 illudes
253 2178 295 2223 lib.
305 2178 329 2224 2.
345 2179 392 2225 Sat.
404 2179 426 2225 8.
443 2179 479 2226 De
490 2181 562 2225 medio
573 2195 616 2239 po·
649 2176 719 2224 fuisse
729 2178 807 2225 uicum
815 2179 865 2237 agri
874 2178 1016 2234 Sinuessani,
1027 2178 1068 2237 qul
1076 2178 1172 2225 celebris
1183 2187 1240 2233 erat,

57 2240 141 2285 vedu:
155 2255 195 2287 nec
209 2242 274 2288 euim
289 2242 347 2289 hora
360 2243 406 2289 ista
415 2243 617 2303 convenitirugeli
648 2242 697 2288 uini
706 2257 752 2289 non
760 2243 856 2302 quidem
864 2243 975 2299 bonitate,
983 2244 1105 2303 sedcopii.
1130 2243 1241 2290 Sinuessa

56 2314 117 2348 teus:
132 2306 187 2352 adde
202 2308 267 2366 qnod
283 2307 389 2368 sequitur
405 2309 434 2355 de
449 2310 533 2355 aestiooe
546 2312 618 2356 nactis
648 2310 703 2354 verb
714 2309 882 2368 anteaSinopc,
898 2309 923 2353 iu
938 2310 980 2354 ora
990 2308 1029 2353 ubi
1046 2308 1158 2355 Massicus
1173 2323 1240 2355 mons

57 2368 125 2425 *iant
132 2386 232 2419 umore.
649 2372 742 2428 desinit,
750 2372 812 2418 inter
819 2372 878 2419 ostia
890 2372 950 2419 Liris
958 2381 982 2419 et
990 2373 1100 2418 Vulturni
1108 2374 1240 2420 fluminum.

77 2430 193 2496 Torquate]
227 2436 302 2483 Estne
312 2437 333 2483 is
344 2436 371 2484 1..
383 2437 486 2484 Manlius
496 2437 546 2500 ipse
557 2438 616 2485 'l'or-
680 2436 703 2484 6.
720 2438 842 2498 Imperium
846 2434 909 2498 ser]
937 2438 1240 2498 Quidamiuterpretantur,

56 2505 124 2553 lustu,
145 2515 264 2548 eumarum
287 2503 417 2562 patronus?
439 2504 470 2548 ad
490 2518 560 2563 quem
582 2511 617 2550 est
650 2502 686 2548 Tu
697 2503 780 2549 mefac
790 2517 869 2563 regem
879 2502 991 2549 convivii:
1003 2504 1065 2563 quud
1075 2503 1134 2549 mihi
1144 2498 1253 2563 qrrideru'

56 2558 89 2604 Mt
106 2562 126 2616 7.
149 2565 186 2611 lib.
208 2566 231 2613 A.
268 2568 358 2614 Theod
387 2567 513 2623 Marcilius,
544 2569 617 2629 Euge,
647 2568 776 2615 absurdum
786 2568 885 2614 videtur.

57 2626 121 2692 aquit:
140 2630 176 2676 Sis
192 2639 304 2679 nntsarn
321 2639 385 2679 emat
405 2633 502 2682 Quintus
522 2634 616 2680 seilicet.
680 2632 702 2686 7.
720 2629 969 2694 3ρὶονιάι1]οσω,ἇσ.]
1004 2632 1041 2679 Ad
1056 2632 1188 2679 convivium
1198 2648 1240 2694 pn-

56 2691 143 2751 utelligit
151 2699 203 2742 verb
213 2698 242 2747 Q.
252 2697 359 2743 Nonium
370 2698 530 2757 Asprenatem,
541 2699 581 2757 qui
592 2706 617 2744 et
646 2698 754 2752 randum,
764 2699 944 2757 eoquendasque
954 2700 1032 2758 dapes.

56 2752 159 2814 lorquatus
168 2762 197 2807 sit
209 2762 346 2823 appellatus,
359 2762 510 2822 Augustoque
519 2761 616 2824 junctus
678 2762 701 2807 8.
718 2762 789 2809 Mitte
799 2764 857 2809 leues
866 2759 937 2823 spen]
971 2763 1058 2808 Omitte
1069 2763 1190 2823 paululum
1201 2777 1240 2807 so-

56 2824 119 2868 ruas
127 2825 212 2872 dicium
235 2827 532 2887 Suessaoaaaapott
555 2827 615 2874 Vide
646 2826 699 2872 litas
712 2827 875 2887 occupationes
890 2827 1005 2881 molestas,
1022 2827 1071 2872 sire
1088 2841 1130 2887 pro
1143 2826 1239 2882 divitiis,

57 2882 93 2929 bid
102 2902 145 2948 esp.
156 2890 190 2937 AS
208 2893 247 2937 ubi
262 2891 297 2937 sic
311 2891 423 2938 habetur:
441 2893 470 2938 In
481 2895 521 2939 hoc
531 2894 617 2940 ludina
647 2890 696 2937 sire
710 2906 752 2951 pro
769 2891 831 2938 lami
845 2899 869 2937 et
885 2890 1018 2946 honoribus,
1035 2891 1084 2937 aive
1101 2906 1143 2952 pro
1157 2891 1238 2937 desen-

56 2947 71 2992 9·
79 2950 161 3000 b'oss'usr
168 2956 317 3016 Asprenatem
325 2958 391 3017 lapsu
399 2958 541 3004 annutans
549 2973 617 3004 aurea
647 2955 712 3003 sione
725 2956 837 3003 clientum
849 2964 949 3002 tuorum.

56 3018 217 3073 emanare:
231 3037 357 3083 passusque
371 3029 406 3068 est
420 3025 493 3083 ipsum
501 3028 615 3083 posteros·
679 3021 702 3069 9.
719 3018 828 3082 Moschi]
862 3020 1054 3067 lsfuiaaerhetos
1062 3020 1242 3067 Graecusreier·

56 3091 82 3135 {¹²
93 3080 257 3146 Ttrqnutiferre
268 3103 395 3147 cognomen.
648 3093 687 3131 tar
703 3086 793 3145 origine
810 3087 973 3145 Pergamenus,
988 3085 1029 3145 qui
1039 3085 1144 3131 veneficii
1161 3090 1240 3131 reusa

74 3143 92 3187 4·
108 3146 160 3195 Vana
176 3148 255 3212 bibes]
291 3152 341 3197 Nec
359 3166 478 3210 generosa,
497 3152 616 3212 quippei
649 3151 768 3210 Torquato
779 3152 953 3198 defendebatur.

57 3206 166 3260 alramibu,
177 3215 616 3276 Minturnis3necvctustateinsignia,
683 3216 740 3262 Cras
755 3218 910 3263 natoCoesare
921 3211 1018 3277 festus]
1052 3215 1110 3261 Cras
1121 3214 1239 3274 justitium

57 3284 91 3317 ἰω
100 3278 158 3324 aunis
168 3282 323 3341 superioribus
334 3281 385 3327 fusa
396 3282 420 3327 in
431 3282 561 3342 amphoras.
648 3289 690 3335 est,
701 3284 731 3328 ob
742 3282 846 3345 natalem
852 3281 964 3333 Guariss
975 3294 1002 3326 uc
1012 3279 1110 3338 proinde
1118 3278 1240 3325 silentibus

57 3336 145 3406 ‚Iterum
157 3344 248 3407 Teura]
283 3347 411 3392 Consulum
428 3347 562 3394 nominibus
578 3362 616 3393 so·
643 3346 747 3406 judiciis,
755 3361 783 3393 ac
791 3347 889 3406 strepitu
897 3345 991 3400 lorensi,
999 3344 1100 3389 dormire
1108 3344 1133 3389 in
1141 3344 1240 3390 multam

57 3407 153 3452 tessun
164 3409 434 3457 rinaalibidictumest.
467 3412 528 3457 Vide
540 3411 580 3457 lib.
595 3412 615 3457 l.
648 3411 731 3466 lucem,
743 3420 767 3457 et
777 3410 875 3472 epulari,
885 3417 909 3456 et
919 3409 1032 3456 hilaritati
1043 3423 1124 3454 vacare
1134 3408 1219 3454 licebit.

56 3464 128 3515 Μ).
145 3480 168 3519 et
182 3474 221 3521 lib.
234 3476 258 3522 2.
278 3476 322 3521 Od.
338 3475 362 3523 3.
382 3476 452 3523 Porrb
472 3477 499 3522 Τ.
512 3476 616 3522 Statilius
680 3472 866 3536 NatoCasare.]
900 3474 1024 3535 Accipiunt
1041 3474 1110 3533 vulgb
1124 3474 1154 3519 de
1168 3473 1240 3519 natali

56 3527 130 3589 smnus,
140 3536 205 3584 homo
216 3554 297 3595 novus,
314 3549 374 3586 utet
386 3541 496 3601 Agrippa,
512 3543 553 3587 sed
566 3542 616 3587 Au·
649 3540 756 3599 Augusti,
767 3540 808 3599 qui
816 3542 870 3587 ciam
878 3540 904 3585 in
913 3538 1044 3601 Septembri
1054 3539 1084 3584 ait
1092 3539 1153 3585 circa
1161 3538 1241 3594 linem,

56 3597 97 3647 3⁰⁸⁰
107 3601 207 3657 amicitiai,
220 3605 329 3664 uictuque
339 3605 365 3650 in
376 3606 455 3651 Sicilia
467 3607 563 3667 Lepido,
578 3621 616 3652 re·
648 3619 677 3651 ex
690 3605 809 3659 Suetonio,
826 3606 857 3650 ad
867 3620 916 3681 rem
927 3613 1066 3679 praesentem
1077 3618 1123 3649 non
1133 3603 1188 3680 iacit
1198 3605 1241 3649 ad·

56 3670 617 3795 :ll‘lthlMittithltltthtt
648 3669 1242 3795 Mtlnll'htllftlllltlttllil

56 3783 225 3845 attenderimus
259 3801 346 3846 Consul
360 3800 435 3861 primb
448 3800 519 3847 faiae
533 3800 617 3847 dicitur
648 3807 723 3846 noctes
739 3802 836 3847 artinas.
869 3799 930 3846 Vide
948 3800 1020 3846 Macr.
1038 3800 1086 3845 Sat.
1103 3798 1153 3845 tl.
1170 3815 1189 3846 c.
1203 3798 1241 3863 12,

56 3854 111 3927 VU·
119 3859 142 3904 ⁰·
152 3861 203 3916 717.
214 3866 316 3911 secundb
325 3869 380 3912 verb
388 3879 426 3912 an.
435 3865 490 3920 728.
501 3868 556 3912 chm
566 3866 617 3913 Ho-
650 3865 721 3911 Dion
732 3865 747 3910 l.
759 3865 799 3911 44.

57 3925 107 3995 ⁰⁰⁰⁸
123 3938 204 3974 annum
222 3931 296 3976 atatis
313 3937 394 3990 ageret
412 3931 443 3977 Al)
460 3936 501 3976 aut
519 3931 617 3978 circiter.
683 3929 720 3977 ll.
738 3931 852 3977 AEstiuans
865 3944 964 3976 menone
980 3930 1075 3991 benigno
1088 3930 1180 3977 undm
1190 3944 1241 3975 noc·

56 3979 121 4030 tersui
129 3992 259 4054 nupsitejus
267 3997 373 4056 abneptis
382 3996 474 4043 statilia
483 3996 616 4043 Messalina.
649 3992 713 4055 teos]
754 3995 852 4042 Noctem
871 4002 951 4041 aestate
967 3994 1097 4041 breviorem
1117 3994 1243 4041 extendere

75 4061 93 4119 ⁰
108 4051 248 4121 Minturnas]
283 4061 340 4106 liae
354 4062 411 4107 olim
427 4061 472 4108 tait
486 4064 541 4108 urbs
556 4061 616 4108 Latii
649 4075 690 4107 seu
701 4060 836 4120 protrahere
846 4059 992 4107 sennonibus
1001 4060 1105 4120 prolixis,
1122 4058 1243 4106 familiari·

56 4117 241 4184 turoam„
252 4125 617 4188 amninsouaanpanrae,
649 4124 826 4185 annuemus

57 4174 82 4249 lb}
95 4183 278 4243 amphitheatrum
295 4199 319 4236 et
335 4192 492 4250 aqueductus.
527 4193 617 4239 Horum
683 4190 720 4238 12.
740 4192 790 4241 Qub
816 4191 871 4236 odhi
890 4186 1019 4250 sostenen]
1064 4190 1101 4236 lta
1128 4188 1243 4241 Muretus,

56 4238 135 4299 ‘Viuite
151 4251 223 4299 adhuc
239 4254 352 4311 visuntur,
363 4257 393 4301 de
404 4259 461 4302 urbe
472 4260 526 4303 verb
536 4272 617 4318 super·
649 4256 735 4317 aliique
762 4254 880 4316 deinceps.
928 4255 1024 4301 Habent
1050 4263 1128 4301 tamen
1153 4250 1244 4298 codices

56 4311 78 4346 ⁰¹
87 4321 147 4364 parra
157 4318 223 4363 turris
234 4335 287 4366 eum
298 4322 395 4367 tabernd
406 4322 526 4367 donarat
564 4323 617 4368 Non
649 4322 769 4382 plerique:
783 4317 1020 4381 Qubsnibifortuaa?

57 4376 618 4446 ⁰⁰ttsteratingenspalus,loquelatuuatarius
684 4385 720 4433 la
737 4386 870 4433 Parcusob
887 4378 1097 4442 herodiorum]
1122 4379 1244 4439 ,Quisquis

57 4434 269 4506 'Stltprofligatus
303 4451 339 4497 De
348 4466 396 4510 quo
404 4451 511 4497 Juvenal.
523 4453 570 4498 Sat.
581 4452 617 4498 10.
649 4452 753 4512 sumptui
763 4451 846 4512 parcit,
857 4451 999 4511 geniumque
1011 4446 1140 4499 defraudat,
1157 4451 1183 4490 ut
1192 4460 1244 4491 rua·

56 4508 69 4538 '·
79 4499 125 4552 m·
646 4518 710 4577 jures
719 4516 851 4563 haeredibus
861 4531 917 4576 opes
928 4515 1051 4571 relinquat,
1061 4511 1148 4558 insanit
1158 4513 1239 4571 prope.

79 4563 200 4629 E‘W'fflret
207 4592 288 4638 emer,
296 4580 509 4643 Minturnarumque
515 4582 618 4642 paludes.
685 4580 722 4628 lt.
740 4582 853 4643 Spargere
866 4581 936 4640 flores
954 4573 1085 4639 Incipiam]
1120 4576 1247 4637 Splendidb
