3059 4984
430 249 684 319 CARMINUM
709 254 851 324 LIBER
875 259 902 326 Ι.
927 263 976 327 15.
1266 269 1311 334 89

80 378 210 447 lmbelli
224 381 344 449 cithari
357 388 493 453 carmina
504 389 639 456 divides:
857 398 1308 462 15uurcnntuennduuuuesrm-

80 465 302 553 Neruiorum
315 471 450 538 ddamo
463 497 572 558 arua
906 464 1308 586 ttltt'ssifffflllllll

113 554 257 656 ‚Hflfms
272 567 306 622 et
318 559 427 623 calami
441 561 560 645 spicula
575 562 703 630 Gnossii
906 594 1063 653 cremium,
1093 598 1250 659 unicumque,
1283 610 1307 647 ρ,

80 637 217 721 vitabis,
231 645 465 730 strepitumque,
481 659 513 712 et
524 649 655 715 celerem
670 654 758 737 sequi
905 674 983 707 serem
1010 661 1035 708 ¹¹¹
1060 664 1180 722 sequendo
1202 666 1306 725 Aiacem·

79 724 218 806 Ajacem,
263 728 394 807 Tmen,
410 731 481 809 heu,
494 756 581 800 serus
595 736 750 804 adulteros
905 723 1025 800 Attamen,
1046 726 1101 782 heu,
1122 729 1187 775 tarde
1203 731 1306 776 moecbos

79 810 487 898 cenemvereeounes-
849 791 1306 917 orrtlmuthmm

123 897 202 964 Non
218 899 417 982 Laertiaden,
432 906 559 971 exitium
575 918 636 972 tuae
905 934 983 966 nonne
989 921 1082 982 Pylium
1090 922 1213 969 Nestorem
1220 926 1306 985 populo

78 982 205 1062 Gentis,
220 1009 285 1051 non
301 987 425 1073 Pylium
439 989 575 1057 Nestora
589 995 740 1078 respicis?
904 991 945 1030 ‘¹¹⁰
968 985 1067 1032 tarnat
1107 986 1141 1033 Te
1165 988 1306 1036 ⁸³¹³¹¹¹1¹¹i¹¹⁸

77 1068 206 1156 Urgent
218 1074 365 1159 impavidi
381 1088 411 1140 te
426 1076 611 1143 Salaminius
903 1049 1305 1177 truepqcr,⁸iteols)prpeqeteqsuppqregq

78 1153 277 1243 Teucerque,
293 1172 325 1225 et
340 1161 506 1228 Sthenelus
521 1166 622 1230 sciens
903 1179 987 1225 ductu
1003 1180 1067 1227 haud
1083 1182 1169 1242 regnu
1193 1184 1305 1244 intrepidi

122 1242 258 1330 Pugnae,
274 1247 337 1312 sive
352 1270 430 1333 opus
444 1261 493 1314 est
507 1251 680 1335 imperitare
694 1253 794 1337 equis,
848 1254 892 1318 25
903 1255 1083 1355 fficium.
1124 1246 1215 1323 ⁸⁰⁰⁶?
1233 1248 1305 1295 “³⁸¹'‘

229 1332 237 1346 .
318 1334 325 1347 .
981 1325 1043 1356 nem
1066 1311 1305 1360 Enardetrncurrere

77 1326 155 1393 Non
169 1353 280 1416 aunga
293 1355 415 1436 p1ger3
437 1334 611 1438 Merionen
627 1361 749 1423 quoque
904 1374 1304 1436 rnurmpaaanryremmge.

78 1413 213 1481 Nosces.
260 1416 343 1484 Ecce
357 1419 431 1485 funt
444 1434 475 1487 te
488 1443 625 1509 repente
640 1435 729 1490 atrox
903 1439 979 1485 nitore
989 1439 1077 1486 sortior·
1112 1441 1182 1487 Hune
1192 1449 1226 1497 tu.
1242 1444 1306 1489 velut

77 1497 239 1586 Tydeides
253 1505 362 1570 melior
375 1518 483 1591 patre:
903 1505 1248 1565 cervusnpecruminadvent
1256 1508 1304 1554 '⁸¹‘

118 1587 228 1661 Quem
243 1602 288 1667 tu,
303 1614 411 1657 cervus
426 1594 471 1658 uti
485 1592 574 1659 vallis
588 1596 620 1659 iu
635 1593 734 1661 alterd
903 1569 1305 1698 lssffiffgiellfflhnllffln

74 1672 188 1738 Visum
203 1689 293 1761 parte
307 1675 425 1762 lupum,
438 1681 585 1764 graminis
600 1682 770 1760 immemor,
848 1682 892 1747 30

75 1758 210 1826 Sublimi
225 1760 326 1848 fugies
342 1763 444 1830 mollis
459 1764 608 1844 anhelitu,

561 1904 828 1953 ANNO'PA'PIONES.

72 1990 276 2051 animamque:
293 1993 391 2040 Inutilis
407 1997 454 2042 erit
470 1997 514 2042 tibi
531 1998 631 2051 cithare,
647 2011 676 2042 uc
707 1995 793 2055 quibus
803 1995 929 2041 Helenain
940 2009 1051 2050 amorem,
1060 2003 1084 2042 et
1094 1995 1149 2042 hinc
1160 1995 1185 2041 in
1196 1996 1305 2043 adulterii

74 2070 171 2102 m
184 2057 287 2111 Veseris,
305 2065 330 2104 et
347 2075 418 2113 curru,
434 2066 458 2106 et
473 2063 566 2121 species,
584 2063 676 2123 quondo
707 2059 799 2106 facinus
818 2064 832 2106 d
851 2068 874 2106 te
893 2069 1009 2120 pertracta
1026 2066 1068 2105 est.
1102 2060 1144 2106 Vel
1162 2060 1305 2120 simpliciter,

75 2120 141 2165 bui
150 2122 176 2165 bt
183 2121 374 2183 majoratu
383 2127 475 2172 sciatur.
707 2124 784 2171 crines
800 2124 851 2171 illos
863 2132 915 2170 tuos
926 2124 1041 2185 oportebit
1052 2125 1146 2170 tandem
1158 2125 1241 2171 bellico
1251 2128 1304 2187 pul-

111 2183 149 2230 lu
163 2186 371 2235 cumeorum
378 2187 487 2251 divides]
516 2190 675 2238 Modulaberis
707 2204 762 2236 vere
773 2190 865 2250 aspergi
876 2200 900 2236 et
910 2189 977 2244 illini,
987 2205 1045 2249 quos
1055 2189 1182 2248 unguentis
1191 2190 1306 2237 duntaxat

74 2248 327 2309 Mancinus,
344 2269 374 2301 ex
384 2263 442 2311 arte,
458 2256 528 2301 modo
538 2256 588 2310 bos,
605 2256 675 2301 modo
706 2264 777 2302 antea
787 2255 877 2302 illinere
888 2257 1016 2314 satagebas.
1044 2256 1104 2300 Sunt
1115 2254 1179 2300 enirn
1190 2254 1230 2314 qui
1242 2256 1304 2301 adir-

73 2313 129 2360 istus
139 2318 260 2377 carpendo
271 2333 369 2365 nervon
387 2335 434 2366 non
450 2321 511 2367 male
524 2319 573 2367 sic:
590 2321 674 2367 melius
706 2328 772 2366 ment
781 2320 888 2367 Paridem
898 2320 1138 2380 AJacemqueOileum
1145 2328 1305 2367 concertantes

71 2388 159 2433 ΕΜ,
177 2383 250 2428 modd
267 2383 327 2443 lyra,
343 2385 480 2431 moddvoce
491 2385 624 2432 alternatim
635 2400 674 2432 ca-
707 2385 795 2431 mutuis
820 2385 954 2432 occubuisse
979 2385 1139 2438 vulneribusp
1158 2384 1198 2439 alii
1223 2385 1306 2432 volunt

72 2446 163 2492 nendo:
175 2447 300 2508 atoptime
311 2449 351 2494 alii
361 2449 552 2511 interpretantur,
563 2450 674 2499 muliero·
708 2450 824 2504 Paridem,
841 2459 964 2510 postquam
977 2450 1092 2496 Achillem
1109 2449 1273 2505 interemisset,
1291 2456 1306 2498 a

70 2523 123 2555 m
138 2511 252 2558 Prnidem
270 2514 342 2560 ruodd
355 2514 419 2570 huic,
435 2516 505 2561 modo
522 2516 557 2562 illi
572 2515 674 2562 foeminre
707 2514 805 2575 Pyrrho,
816 2515 855 2560 alii
867 2525 946 2562 autem
957 2520 971 2562 d
983 2515 1111 2561 Philoctete
1123 2514 1279 2561 intersectum.

70 2576 208 2633 unificari,
219 2592 247 2623 ae
257 2593 326 2624 suam
336 2578 421 2639 cuique
431 2581 572 2627 cantilenam
583 2580 673 2641 disper·
738 2579 777 2626 21.
800 2576 962 2640 Laertiaden]
992 2581 1100 2639 Ulyssem
1120 2579 1195 2625 filiurn
1214 2579 1304 2626 Laertia

70 2640 121 2686 tire.
156 2642 197 2687 ste
216 2641 280 2688 infra
296 2644 341 2689 Od.
360 2644 399 2691 :td
416 2647 518 2694 &videre
535 2646 619 2702 oswiu,
638 2653 674 2692 est
706 2643 795 2691 lthacae
805 2652 830 2690 et
841 2645 944 2691 Dulichii
955 2644 1084 2690 insularum
1095 2659 1183 2703 regem,
1199 2646 1303 2704 pruden-

68 2704 170 2764 εἰκὼ
180 2707 240 2753 dare
250 2709 338 2754 oscula.
705 2708 739 2754 tit
749 2710 890 2769 solertiaque
900 2724 970 2769 super
981 2710 1068 2755 aethera
1079 2716 1168 2754 notum.
1199 2710 1305 2756 Eritium

101 2771 195 2817 latent
202 2770 318 2833 eithara]
337 2774 389 2820 lldc
395 2774 492 2834 quidem
498 2775 590 2822 valebat
599 2774 671 2832 Paris,
704 2776 852 2835 tangentis:
870 2789 953 2834 nempe
964 2774 1020 2832 quis
1031 2773 1119 2819 deterit
1131 2774 1180 2833 ipse
1191 2783 1262 2833 atque
1273 2775 1304 2820 ad

68 2835 194 2895 sedqudnr
204 2837 470 2900 uefficoeovtroparum
480 2841 621 2897 conveniret,
633 2856 671 2887 os-
705 2839 833 2900 Trojanum
853 2839 940 2884 bellum
958 2838 1057 2884 adduxit
1074 2838 1198 2893 Achillem,
1215 2839 1304 2899 absque

70 2900 145 2946 tendit
163 2902 304 2949 Akrander
322 2903 362 2950 ille
380 2905 489 2964 Magnus,
510 2908 564 2952 edm
582 2906 672 2953 Paridis
704 2918 792 2965 quuex
803 2903 855 2950 laus
866 2903 917 2964 capi
930 2903 1000 2962 TroJa
1011 2918 1058 2949 non
1070 2903 1190 2962 potuisset.

69 2965 157 3024 sprevit
163 2966 292 3023 citharam,
300 2967 399 3015 Achillis
407 2971 502 3030 optarit
536 2970 671 3017 luavideti-
736 2969 776 3016 22.
802 2969 895 3029 Pylium
914 2964 1034 3027 Nestora]
1070 2967 1115 3012 llic
1136 2966 1260 3027 sapientia,
1280 2975 1304 3014 et

72 3040 109 3075 αι
118 3045 212 3078 amores
222 3047 250 3078 ac
261 3047 340 3091 nugs,
355 3034 400 3081 bic
410 3035 509 3081 heroum
519 3035 600 3082 laudes
611 3036 672 3082 cele-
704 3033 759 3079 vitse
771 3033 924 3079 diuturnitate
938 3033 1047 3093 inclytus,
1064 3032 1127 3092 apud
1138 3032 1223 3091 Pylum
1235 3031 1303 3079 Pelo-

73 3094 177 3141 brmtrr.
211 3097 332 3143 Plutarch.
704 3098 803 3159 ponnesi
821 3098 933 3159 oppidum
951 3099 1071 3152 educatus,
1087 3098 1138 3157 jam
1155 3095 1233 3143 senior
1249 3111 1303 3142 cum

107 3158 144 3205 lt
158 3162 318 3223 Neqss‘eqaous
327 3161 671 3225 tholomogrnoesllartosdsc]
704 3163 756 3210 aliis
769 3164 865 3210 Gracia
882 3163 1015 3224 proceribus
1025 3161 1135 3209 conuenit
1144 3162 1176 3208 ad
1186 3160 1303 3221 expediti·

73 3223 228 3272 blottlllieito
236 3227 673 3289 amoriacnuptiulibusjoeisvaces,at
705 3242 776 3275 onem
791 3228 924 3289 TroJ‘anam.
957 3228 994 3274 De
1011 3243 1039 3274 eo
1054 3226 1128 3273 fertur
1138 3227 1302 3286 Agamemnon

69 3290 165 3336 unam
182 3292 215 3337 sd
225 3295 490 3340 armscoueurreudum
500 3294 552 3349 erit,
569 3303 671 3341 etseras
703 3293 798 3348 dixisse,
815 3294 879 3339 brevi
896 3292 1080 3354 expugnandum
1094 3292 1173 3347 Ilium,
1189 3291 1209 3337 si
1221 3292 1303 3337 decem

69 3354 218 3415 litetpoenss
229 3357 344 3413 exsolves,
355 3360 409 3404 cum
419 3359 486 3405 humi
502 3367 630 3419 prostratus
646 3359 672 3406 in
704 3357 815 3405 Nestorea
825 3358 940 3404 adessent.

68 3420 164 3478 pulvere
173 3422 326 3477 rolutsberis,
335 3423 597 3483 traherisquetvictore
605 3425 672 3471 hoste
736 3423 775 3469 2&
793 3424 932 3469 Salaminius
946 3416 1052 3480 Peucen]
1078 3419 1156 3480 Ajacis
1172 3419 1301 3468 illeirater·

69 3484 173 3531 erinr'bus
184 3486 242 3541 illis,
252 3487 361 3533 adulterii
372 3488 494 3535 illecebris.
704 3487 764 3534 Vide
775 3492 854 3548 supra,
865 3488 909 3533 Od
921 3488 943 3541 7.
955 3501 1003 3532 ver.
1015 3484 1054 3539 27.
1066 3494 1089 3531 et
1099 3500 1148 3545 seq.

102 3548 139 3603 17.
161 3548 278 3612 Gnade]
312 3552 417 3600 Gnossus
433 3555 489 3600 urbs
504 3554 588 3608 Creta,
604 3555 670 3614 eujus
735 3552 775 3599 Ἃ
793 3548 933 3612 Sthenelus]
967 3551 1009 3596 vir
1019 3549 1213 3611 pugnacissimus,
1224 3565 1302 3597 comes

69 3616 169 3675 pupulus
197 3617 296 3677 sagittas
318 3617 440 3665 emittendi
467 3626 517 3665 arte
543 3619 670 3679 pollebant
704 3616 833 3672 Diomedis,
852 3632 913 3663 unus
930 3630 1011 3663 eorum
1026 3615 1067 3676 qui
1082 3630 1144 3675 equo
1158 3630 1183 3661 se
1200 3616 1302 3676 'l'roJano

69 3678 136 3727 Adde
154 3682 223 3742 quod
239 3696 271 3729 er
285 3682 369 3739 Plinio,
387 3684 491 3731 abundat
502 3684 573 3730 Creta
590 3683 671 3730 cannis
702 3682 851 3728 abdiderunt

68 3745 216 3803 mrhribus
233 3748 265 3793 ad
282 3747 400 3795 faciendas
420 3749 516 3809 sagittas
536 3748 670 3809 aptissimis.
735 3746 774 3793 26.
791 3747 916 3793 Merionen
926 3761 1012 3807 qaoque
1021 3740 1126 3806 Nosces]
1146 3745 1197 3790 Tuo
1206 3744 1301 3803 quidem

69 3809 139 3857 Porro
154 3812 221 3857 inter
237 3827 345 3872 proceres
357 3814 451 3861 Graecos
466 3822 516 3861 erat
529 3813 670 3861 Idomeneus
702 3813 764 3858 malo
781 3827 904 3871 cognosces
921 3820 946 3858 et
961 3810 1081 3871 experiere
1097 3811 1217 3866 virtudem,
1234 3810 1301 3865 ham,

68 3874 218 3922 Cretensium
230 3878 289 3931 dux,
301 3878 413 3925 Marionis
423 3893 508 3925 comes.
702 3892 813 3937 acresque
822 3877 912 3924 animos
921 3876 1039 3922 Marionis.
1074 3875 1120 3922 Hic
1131 3875 1243 3936 patruclis
1251 3883 1302 3922 erat

101 3939 137 3986 l&
150 3942 257 3987 cetera
267 3945 332 4002 sequi
340 3941 456 4005 Ajacem]
486 3944 576 3990 Pedum
587 3943 669 3989 celeri·
703 3942 824 3989 Idomenei
842 3941 989 3988 Cretensium
1008 3940 1080 3987 ducis.
1119 3942 1155 3988 De
1174 3956 1203 3988 eu
1222 3944 1302 4001 supra,

70 4006 184 4066 sunja
193 4007 281 4062 clariss,
292 4016 380 4054 nteum
391 4009 553 4070 insequentem
561 4009 671 4055 evaderet
703 4008 747 4053 Od.
759 4008 782 4054 ld
794 4023 815 4053 v.
830 4006 866 4053 lb.

70 4082 144 4116 uuo.
185 4071 278 4117 Verum
299 4072 418 4129 Oileusue,
442 4090 473 4121 an
499 4074 668 4122 Telamonius?
734 4073 773 4119 28.
794 4072 908 4133 Tydeides
923 4071 1003 4117 melior
1010 4066 1099 4130 putre]
1134 4069 1301 4129 SuprdOdd

72 4132 115 4179 Hit
131 4137 241 4192 «Μή
261 4136 342 4184 Dareti
361 4139 463 4200 Phrygio
478 4140 543 4197 ddes,
561 4139 670 4186 Paridem
705 4138 829 4200 Tydridem
839 4137 928 4196 ruperis
940 4151 1019 4196 parem
1030 4143 1097 4181 vocat
1109 4134 1227 4190 Horatius,
1244 4138 1301 4180 sane

68 4199 159 4246 Μὰ
702 4203 758 4263 quia
770 4203 836 4249 Iliad.
851 4204 874 4248 ὅ.
886 4200 971 4247 dicitur
983 4201 1084 4246 Martem
1101 4215 1128 4245 ac
1143 4199 1259 4244 Venerem
1276 4198 1301 4244 in

101 4262 138 4312 lu
154 4267 354 4314 &medalem
363 4267 545 4330 Crinespuluere
555 4265 668 4329 collisos]
702 4269 782 4329 praelio
793 4268 934 4314 vulnerasse.
969 4265 1038 4312 Unde
1054 4265 1110 4311 ibid.
1124 4264 1240 4310 Homerus
1251 4264 1302 4320 ejus

69 4328 184 4378 Μή·
194 4332 294 4390 tffltslfl
305 4333 451 4393 aliquandiu,
468 4350 515 4380 non
531 4343 610 4380 tamen
627 4348 669 4393 po·
702 4333 811 4379 ferociam
823 4340 941 4393 comparat
952 4330 1044 4376 flumini
1055 4329 1134 4375 omnia
1149 4326 1301 4381 subvertenti,

68 4395 230 4457 tttissemper
238 4397 357 4444 declinare
368 4414 471 4458 pugnam
480 4408 503 4446 et
512 4413 670 4459 congressum,
702 4397 943 4444 acleonivulnerato.
978 4396 1032 4441 Non
1048 4396 1134 4440 mirum
1146 4407 1209 4450 ergo,
1226 4390 1245 4434 si
1262 4390 1302 4464 bic

68 4457 91 4503 in
106 4475 156 4518 qno
173 4463 231 4506 edm
247 4462 282 4507 vel
299 4472 429 4521 prostratus
444 4465 480 4511 vel
491 4465 580 4510 occisus
591 4462 670 4518 literis,
704 4463 787 4524 Tydeo
797 4472 870 4522 patre,
886 4475 1021 4521 quanquam
1034 4461 1095 4505 bono
1106 4466 1130 4502 et
1141 4455 1202 4509 lorti,
1218 4455 1303 4505 mehor

68 4524 165 4581 ptlvere
186 4526 285 4572 tandem
306 4527 456 4574 soedahuutur
478 4528 553 4574 crines
579 4528 612 4574 illi
636 4528 671 4574 tui
703 4538 782 4575 tamcn
794 4526 909 4573 acsortior
922 4524 1046 4571 Diomedes
1058 4528 1212 4578 nuncupetur.

69 4590 223 4637 munatio
229 4591 390 4649 mlsruistrati,
398 4602 423 4640 et
430 4593 556 4653 unguentis
565 4593 671 4647 delibuti,
736 4592 775 4640 31.
785 4593 883 4639 Sublimi
884 4587 967 4651 jugies
975 4590 1047 4635 modis
1053 4580 1177 4643 anicetum]
1191 4583 1303 4636 Ferocem
