3059 4984
325 251 369 318 82
713 246 756 321 Q.
783 244 984 312 HORATll
1009 241 1171 310 FLACCI

328 404 386 445 aar
406 403 482 437 uma
499 386 572 436 eam
591 399 679 434 norum
700 399 741 445 aa·
755 383 853 448 Orbis
869 380 1050 457 Britannos,
1065 390 1098 446 et
1107 380 1260 464 juvenum
1273 394 1389 441 moena

328 469 387 566 3¹:1¹3
403 449 743 580 wffffiffldssss]
756 468 910 545 Examen,
927 467 1005 532 Eois
1020 465 1191 531 timendum

328 583 446 644 monibus,
474 597 502 629 ac
528 581 589 627 mari
610 580 743 641 Erythraeo.
758 554 915 632 Partibus,
932 554 1124 636 Oceanoque
1139 551 1245 616 rubro.

331 649 387 695 neu
401 648 475 708 pudet
488 647 612 693 vulnerum
627 644 743 692 criminis
801 639 905 716 Eheu,
920 639 1096 704 cicatricum
1111 649 1143 702 et
1156 634 1280 701 sceleris
1296 633 1411 718 pudet,

329 708 745 837 restituerimus:
759 725 977 808 uarumque-
1022 723 1111 797 suu
1124 745 1182 787 nos
1197 722 1275 785 dura
1289 719 1416 803 rerum

330 841 392 887 amur
404 856 446 886 noa
456 840 564 886 aomina
578 839 652 886 aar
681 838 745 888 outa
758 811 874 875 AEtast
921 810 1009 884 Quid
1023 811 1171 874 intactum
1186 807 1298 871 nesasti

331 905 398 966 impii
409 904 541 952 affluimus
554 919 602 951 non
614 902 745 950 violatum?
760 897 946 980 Liquimusi
993 894 1086 959 Unde
1101 916 1211 957 manus
1222 893 1374 976 juventus

331 971 501 1082 2012&ss
502 984 559 1079 ’Ἤ
589 969 746 1079 xxm-¹¹22}
804 982 894 1047 Metu
910 981 1052 1047 Deorum
1067 981 1241 1045 continuit?
1289 975 1416 1049 Quibus

332 1099 482 1145 Nmninumt
516 1100 576 1149 Qu,
596 1112 645 1144 non
663 1097 747 1143 amr,
761 1068 907 1154 Pepercit
921 1069 1006 1131 arisi
1046 1066 1210 1131 Outinam
1225 1063 1309 1127 nord

332 1164 485 1224 pouuerunet
521 1164 662 1218 ormana,
673 1162 745 1208 aeae-
761 1154 880 1219 Iucade
896 1153 1039 1237 diffingas
1053 1163 1192 1216 retusum
1208 1151 1240 1213 in

332 1230 748 1340 fflnffiffl'ffbrffiffi
760 1240 956 1324 Massagetas
972 1238 1152 1322 Arabasque
1166 1235 1292 1301 serrum.

333 1358 477 1419 naama·
487 1365 512 1405 a
522 1359 620 1413 Aruas,
632 1358 694 1404 aaa.

814 1469 1082 1518 ANNOTATIONES.

332 1571 394 1610 tasse
410 1570 463 1610 tum
475 1562 633 1608 diversantem
644 1560 735 1607 Antiati
747 1560 859 1607 Fortunae
870 1575 933 1606 eom·
967 1559 1029 1605 libna
1039 1557 1125 1604 infesta
1136 1557 1248 1611 virentes,
1265 1567 1381 1614 maraque
1393 1552 1416 1597 in

333 1628 438 1682 mendat,
450 1633 556 1686 tumque,
568 1633 595 1671 ut
605 1626 705 1679 videtur,
721 1626 769 1672 illic
780 1624 935 1671 meditantem
968 1639 1022 1670 rum
1032 1637 1129 1683 corpora
1139 1621 1275 1667 immaniter
1283 1627 1416 1666 exacuenta

333 1707 386 1738 eam
403 1695 427 1737 ia
440 1692 566 1737 Britannos
582 1690 764 1750 expeditionem,
781 1690 810 1735 de
828 1691 875 1750 qui
890 1690 935 1735 Dio
968 1704 995 1736 ac
1006 1688 1097 1734 scelesti
1109 1695 1201 1748 patrare
1210 1683 1415 1732 detrectarimus?

334 1756 374 1801 lib.
386 1756 425 1802 53
448 1757 544 1802 isitimoa
554 1752 642 1815 Orbis]
672 1754 754 1814 Virgil.
768 1755 848 1814 Eclog.
862 1753 934 1808 1.67.
969 1754 992 1799 di
1005 1767 1052 1798 non
1063 1751 1248 1799 attentavimus?

367 1821 401 1866 lit
408 1823 502 1881 pertitus
513 1827 558 1867 tota
568 1822 652 1866 diuisos
662 1821 715 1865 orba
727 1821 860 1866 Britannos.
1001 1817 1040 1863 36.
1058 1814 1170 1878 Nesacti]
1205 1812 1348 1867 Execrandi,
1359 1826 1416 1857 cons

335 1885 395 1931 Vide
406 1886 476 1941 inira,
488 1886 527 1930 lib.
539 1885 561 1932 3.
573 1886 616 1930 Od.
629 1886 652 1932 4.
663 1884 703 1931 33.
969 1881 1029 1927 sarii.
1057 1882 1105 1927 Cic.
1118 1882 1140 1927 2.
1150 1882 1179 1927 de
1190 1881 1271 1939 Legib.
1283 1894 1307 1924 n.
1319 1877 1359 1924 21.
1389 1879 1416 1924 01

367 1950 406 1997 30.
424 1948 662 2011 EtJ'uoerrumreceraa
672 1951 782 2003 Examen,
798 1945 850 2009 dc]
886 1948 935 2008 Ap·
968 1945 1063 2008 injusto,
1080 1943 1178 2005 rre‘j'oato,
1194 1947 1283 1999 vitioso,
1300 1945 1355 1989 dira
1365 1943 1415 1999 defi.

334 2016 409 2075 posite
421 2016 542 2062 Marcilius
552 2018 661 2063 observat
671 2015 790 2075 duplicem
807 2014 846 2059 hic
861 2027 887 2058 ae
899 2012 936 2058 di·
969 2010 1095 2072 insertaque
1106 2018 1178 2057 sunto.

334 2093 427 2126 versum
448 2081 549 2138 Augusti
571 2081 693 2127 consulatu
718 2079 774 2125 belli
797 2087 936 2138 apparatum
1001 2077 1040 2122 36.
1058 2077 1121 2121 Unde
1131 2072 1325 2136 manuejrrrentua
1334 2071 1416 2117 Meta.

334 2146 425 2192 notari:
456 2147 556 2191 alterum
583 2144 608 2190 in
635 2144 784 2189 Britanniam
813 2142 936 2201 (majorem
969 2138 1124 2200 tironicio]
1161 2140 1254 2199 Legunt
1265 2137 1305 2183 alii
1319 2152 1416 2182 manum

334 2223 427 2269 nempe,
439 2210 487 2254 sive
497 2207 619 2266 Angliam)
630 2208 702 2252 ductu
711 2215 735 2251 et
743 2206 853 2266 auspiciis
864 2206 937 2266 ipsius
970 2205 1026 2264 ligio
1037 2204 1142 2251 cohibuit
1159 2207 1188 2250 ab
1200 2203 1309 2249 audendo
1321 2201 1416 2253 scelere,

335 2274 452 2331 Augusti:
470 2274 571 2317 alterum
588 2272 613 2316 in
625 2271 737 2316 Arabiam
750 2271 853 2316 Felicem
864 2271 937 2316 ductu
969 2270 1048 2324 sacris,
1060 2269 1176 2329 atemplis
1184 2277 1255 2328 atque
1264 2266 1311 2312 aris
1320 2265 1416 2310 violand

336 2337 393 2381 AElii
405 2336 484 2382 Galli:
502 2351 531 2382 ex
544 2336 619 2381 Dione
631 2335 669 2381 cit.
687 2335 726 2380 lib.
738 2335 778 2380 53.
813 2335 935 2381 Plin.l.6.
969 2334 1109 2380 diruendisi

335 2400 491 2462 cap.28.&c
517 2402 593 2445 Strab.
606 2399 645 2444 rib.
656 2401 679 2446 2.
692 2408 715 2444 et
729 2398 765 2444 lli.
779 2401 820 2444 &c
850 2401 937 2445 Sensus
1002 2399 1041 2444 38.
1060 2398 1174 2444 Oatirronr
1185 2395 1337 2442 aoodlncudc
1347 2395 1416 2452 diffin,

334 2473 384 2510 est:
397 2464 561 2524 conscriptum
571 2463 597 2509 in
607 2464 648 2509 illa
659 2463 730 2523 priori
739 2463 889 2524 expeditione
894 2464 937 2526 ja·
970 2461 1022 2524 Aa]
1058 2464 1161 2512 Quidam
1178 2463 1260 2520 legunt
1271 2461 1407 2519 distringas,

334 2529 937 2584 acaumeramen,seunooameaercitum,obliomani
970 2530 1057 2573 Sensus
1074 2535 1123 2572 est:
1142 2527 1286 2578 OFortuna,
1306 2524 1369 2583 linge
1385 2523 1415 2567 de

335 2593 422 2640 samam
439 2594 541 2639 nominis
555 2596 606 2654 Jam
618 2601 669 2638 tum
680 2592 736 2638 Eois
746 2594 869 2639 timendam
879 2608 937 2652 par·
970 2593 1034 2638 brica
1045 2592 1112 2638 nobis
1123 2591 1221 2651 gladios,
1238 2589 1338 2648 gloriose
1349 2587 1416 2647 quida

336 2659 405 2712 tibur,
422 2673 449 2703 ac
465 2657 535 2718 paulo
552 2661 604 2717 pbst
620 2666 734 2703 terrorem
750 2657 872 2703 illaturum
887 2672 938 2704 esse
972 2656 1068 2715 lmperii
1080 2655 1182 2703 Romani
1193 2654 1356 2713 stringendos:
1369 2667 1416 2697 nan

336 2722 436 2777 Parthia,
449 2722 534 2776 Medis,
547 2721 636 2776 Persisa
650 2723 782 2782 Oceanoque
791 2723 867 2777 rubro,
876 2722 936 2768 Ara·
970 2722 1037 2767 nobis
1048 2721 1109 2767 male
1121 2723 1193 2767 retusi
1203 2727 1257 2765 sunt
1271 2719 1383 2764 adversus
1394 2716 1415 2761 fr

336 2786 404 2832 bibus
414 2787 526 2833 nimirum
535 2786 569 2832 illi
579 2786 699 2848 proximis.
727 2787 789 2832 Nam
799 2789 849 2847 ipae
855 2790 938 2847 penin-
970 2785 1129 2846 propinquos:
1147 2784 1227 2831 civiles
1238 2782 1365 2829 discordias
1380 2790 1416 2826 ext

335 2852 387 2899 rulo
395 2853 486 2899 Arabia
494 2853 606 2899 interduo
614 2854 688 2899 naama
697 2852 801 2898 Rubrum
807 2853 938 2899 Persicum·
971 2865 1013 2911 per
1024 2849 1136 2905 funestas,
1153 2859 1179 2895 ut
1192 2857 1290 2894 externa
1300 2849 1415 2894 dunmxat

335 2933 379 2978 que
386 2920 521 2977 procurrit:
538 2931 567 2963 ex
579 2917 639 2964 Plin.
654 2916 775 2963 modocit.
810 2916 874 2975 Ergo
884 2930 938 2978 per-
971 2929 1026 2975 cepa
1036 2915 1169 2970 moliamur,
1179 2913 1293 2973 signaque
1304 2913 1413 2957 Romana

335 2996 417 3058 peram
427 2982 468 3029 alii
480 2982 664 3043 interpretantur
675 2982 796 3027 Oceanum
809 2981 938 3026 Britanniae
971 2988 996 3025 et
1011 2979 1086 3039 glorii
1102 2978 1230 3024 inseramus
1246 2978 1271 3023 in
1283 2976 1384 3037 Scythiae
1395 2991 1416 3035 pr

335 3046 940 3170 itti{trititiamitimtttiti
972 3041 1416 3167 litiumriltssuiiiit·

338 3175 405 3221 Mare
411 3176 527 3229 Rubrum,
537 3173 840 3233 quodGraeciErythraeum
848 3181 939 3229 vocant,
974 3173 1046 3219 Getae
1060 3173 1207 3233 appellatoa;
1224 3187 1299 3218 marso
1312 3170 1382 3223 euim,
1398 3171 1413 3214 S

336 3240 449 3298 quoniam
458 3234 562 3301 ἐρυθρὸς
569 3240 605 3284 vet
616 3233 747 3300 ivapaioc
757 3240 855 3284 rubrum
866 3238 939 3296 signi·
972 3239 1027 3296 guia,
1035 3253 1105 3296 grave
1114 3237 1239 3296 signifieat,
1247 3251 1276 3282 ex
1282 3236 1371 3282 lsidoro
1376 3235 1416 3279 Ori

336 3304 398 3361 licat,
409 3303 499 3351 scilicet
507 3306 536 3350 ob
545 3311 632 3350 terram
643 3305 746 3357 rubram,
757 3302 807 3347 aire
817 3302 940 3349 miniatam
972 3302 1054 3348 cianus
1064 3302 1089 3348 in
1099 3303 1189 3361 Perieg.
1199 3301 1254 3357 718.

336 3382 404 3428 oquae
410 3372 559 3424 substratam,
566 3369 604 3415 vei
611 3370 640 3414 ab
649 3367 828 3413 imminentibus
835 3368 940 3427 ejusdem
1010 3401 1016 3413 .
1025 3400 1032 3413 .
1043 3401 1049 3413 .
1058 3368 1209 3427 ,Massageta

337 3434 419 3479 coloris
430 3434 564 3487 montibusa
577 3434 641 3479 uude
651 3433 703 3478 Sole
712 3433 840 3490 affulgente
851 3431 940 3491 species
1005 3432 1139 3492 Hospitibua
1149 3433 1203 3478 aaeai
1213 3433 1307 3484 canctb,
1319 3429 1416 3488 belloque

338 3498 409 3543 rubra
425 3500 542 3558 praebetur
553 3498 626 3544 marl:
644 3498 696 3544 aliia
707 3499 736 3542 ab
748 3497 874 3557 Erythraeo
885 3512 940 3556 rege
973 3494 1035 3542 ltem
1059 3497 1084 3542 in
1107 3498 1196 3543 Arabes
1219 3496 1284 3554 gazis
1308 3509 1334 3539 sc
1354 3493 1416 3538 diviti

338 3559 426 3606 lactum
442 3576 529 3608 nomen
545 3563 628 3623 placet.
663 3562 773 3610 Eustath.
785 3561 810 3608 in
823 3562 939 3622 Periegea
974 3560 1062 3607 Arabia
1077 3561 1139 3607 inter
1154 3561 1284 3621 praecipuas
1296 3559 1416 3618 Asirepart

339 3623 437 3684 Dionys
974 3625 1097 3672 'l'erminos
1117 3626 1188 3671 habet
1206 3630 1221 3671 a
1240 3623 1399 3684 septentrione

371 3687 411 3734 33.
423 3689 496 3742 Eheu,
507 3691 639 3736 dcctrimrm
649 3697 672 3736 et
683 3692 775 3738 sceleris
784 3687 877 3751 parea]
899 3690 940 3736 ln·
973 3689 1070 3735 durium
1083 3691 1245 3750 Euphratem3
1257 3691 1285 3735 ab
1297 3688 1390 3734 Oriente
1400 3687 1416 3731 si

338 3751 438 3798 honesta
448 3754 535 3813 quippe
546 3762 601 3799 suut
612 3755 710 3799 vulnera
720 3755 745 3799 in
757 3754 823 3800 bellis
832 3755 939 3801 civilibus
972 3769 1033 3808 eum,
1043 3757 1072 3800 ab
1081 3755 1209 3801 Occidente
1217 3754 1295 3799 sinum
1304 3751 1416 3798 Arabicun

338 3824 448 3877 accepta:
464 3824 488 3862 et
498 3817 611 3877 quicquid
622 3817 734 3864 adversus
745 3818 807 3863 cives
819 3827 939 3879 perpetra·
972 3833 1037 3865 mare
1052 3820 1187 3874 Arabicum,
1206 3819 1255 3864 aire
1273 3826 1361 3877 partem
1379 3817 1416 3860 lnc'

338 3888 384 3936 tur,
393 3880 536 3940 flagitiosum
544 3889 580 3928 est
588 3896 614 3927 ac
622 3881 768 3941 pudendum.
785 3882 941 3942 Pudetigitur
973 3883 1045 3929 Porro
1065 3885 1096 3929 ad
1116 3899 1167 3930 rem
1189 3891 1328 3943 presentem
1343 3881 1416 3927 lacit·

338 3953 362 3991 et
373 3942 487 4005 fratrum,
504 3944 529 3991 in
545 3945 675 4001 contrariis,
694 3953 721 3991 ut
737 3945 770 4001 flt,
787 3947 940 3993 militantium
974 3948 1049 3993 Strab.
1067 3949 1082 3993 l.
1099 3948 1123 4002 7.
1157 3948 1192 3994 Eo
1211 3955 1313 4008 tempore,
1332 3946 1412 4006 inquit,

338 4009 451 4070 partibus,
476 4019 548 4069 atquc
569 4010 603 4056 ita
621 4009 707 4070 saepius
725 4013 740 4056 i
758 4012 939 4070 consanguineis
974 4013 1084 4059 ortanam
1107 4014 1200 4058 terrebor
1220 4012 1347 4072 Imperium,
1373 4012 1415 4056 ada

338 4074 515 4120 trucidtiorssm·
974 4077 1053 4123 Caeror
1072 4080 1184 4123 instruxit
1203 4079 1330 4122 exercitam.
1370 4076 1399 4120 Et

371 4138 410 4185 34.
431 4139 547 4188 Quirinos
562 4140 623 4185 duro
638 4135 763 4200 rqfugimaa
778 4141 869 4186 AEtoa?
886 4136 938 4200 dfe]
972 4141 1044 4186 mian.
1066 4142 1171 4189 Marcell.
1188 4143 1300 4189 Arabiast
1319 4147 1381 4187 vocat
1398 4141 1416 4185 O

338 4205 387 4254 Nos
398 4203 443 4250 hac
454 4211 522 4249 atate
533 4203 609 4251 ferrei
619 4203 725 4264 odiisque
741 4204 868 4265 plusquam
879 4205 937 4251 civi·
971 4213 1063 4253 eertum.
