3059 4984
388 275 580 342 DACERII
606 275 867 343 PRAEFATlO.
1179 283 1246 350 317

60 439 117 503 eriis
135 437 170 502 sd
189 439 365 504 movendum
384 439 481 503 risum
494 439 690 524 comparatis,
713 440 799 524 quod
819 450 921 505 tamen
944 439 1023 520 nihil
1043 442 1245 527 turpitudinis

59 525 195 603 dmiserit3
217 527 385 610 comparuit
406 523 467 590 hoc
492 548 614 591 carmen
638 525 698 590 sub
723 525 834 591 Satirae
858 527 984 593 nomine
1005 528 1046 593 ob
1065 530 1245 598 varietatem

59 633 133 675 nam:
154 634 217 695 quoe
230 613 352 696 quidem
367 612 469 676 Satira
483 625 584 677 certos
606 610 715 676 habuit
735 614 853 689 modos,
876 613 897 676 i.
911 635 939 678 e.
961 616 1111 680 musicum
1125 628 1157 680 et
1170 639 1246 683 con·

59 709 181 780 gmentem
205 711 328 776 motum,
354 697 498 783 relegatis
524 699 663 782 gestibus
689 696 793 764 mimis
817 698 965 764 honestis.
1010 700 1102 766 Titus
1126 701 1244 783 Livius,

60 785 91 848 ib.
104 786 128 848 7.
140 806 164 848 c
178 786 207 848 2.
247 784 429 849 Vcrnoculis
441 784 627 870 artificibus,
641 785 718 870 quio
730 784 841 850 Hister
856 785 958 851 Tusco
972 788 1066 852 aerbo
1078 786 1181 853 Ludio
1191 812 1245 855 oo-

59 870 164 947 atam,
183 893 286 935 nomen
307 870 511 936 histrionibus
525 871 666 948 inditmn,
687 871 742 956 qui
761 893 832 949 non,
854 871 937 936 sicrtt
949 874 1033 950 anti,
1048 874 1244 944 Fescennino

59 977 119 1019 mm
136 956 256 1022 nmilem
273 958 508 1043 incommonitum
526 958 641 1022 temeri
654 979 694 1021 ac
708 958 816 1022 nedem
838 958 971 1023 numm
980 960 1161 1044 jaciebant,
1186 964 1246 1028 ted

60 1043 165 1127 opletas
183 1046 278 1109 modis
292 1044 439 1121 Saturae,
461 1045 620 1130 descripto
633 1044 708 1128 jum
729 1045 776 1108 nd
798 1045 956 1109 tibicinem
969 1054 1074 1124 contu,
1097 1057 1244 1134 motuque

59 1131 199 1215 augmenti
212 1132 424 1217 peragebant.
468 1130 543 1196 Non
565 1129 734 1195 abludebat
753 1130 821 1196 haec
837 1131 941 1195 Satira
954 1131 974 1195 i
989 1133 1103 1198 nostris
1118 1134 1242 1200 Forccs

59 1218 259 1295 rudentioribus,
285 1218 339 1282 ubi
361 1218 536 1303 promiscue
559 1229 592 1283 et
615 1218 847 1301 spectatoribus
870 1229 903 1282 et
916 1217 1084 1283 Actoribus
1107 1220 1242 1287 Scenico

59 1300 98 1364 ale
109 1301 317 1368 deificabuntur
332 1303 489 1368 auriculae.
1130 1316 1132 1321 '

81 1387 164 1472 Atque
183 1391 224 1454 ita
245 1413 279 1455 se
300 1389 436 1455 habebat
455 1413 506 1455 res
521 1389 671 1466 Scenica3
693 1387 767 1454 cium
780 1388 894 1453 Livius
908 1387 1108 1456 Andronicus
1120 1392 1161 1457 ad
1180 1393 1244 1458 Co-

59 1475 151 1572 tth'at
160 1489 189 1540 et
204 1476 395 1563 Tragoedias
408 1477 449 1542 ad
460 1475 641 1541 Graecorum
655 1476 857 1576 imitationem
870 1477 1108 1576 conscribendas
1123 1480 1242 1581 primus

59 1581 165 1712 llll,
173 1562 310 1733 {titii
320 1559 763 1725 ittittttilttt?
774 1561 1242 1734 triturarentur:

59 1753 118 1813 [uam
130 1751 221 1799 tamen
240 1733 335 1820 pauld
354 1732 428 1819 pdst
441 1735 660 1820 reprehensam
674 1745 763 1798 erant
777 1735 829 1817 qui
846 1732 1016 1800 Comoediis
1030 1737 1097 1822 jam
1109 1740 1242 1822 peractis

59 1838 96 1880 ron
106 1820 222 1885 absurde
237 1823 455 1887 subnecterent
470 1820 565 1905 (quod
580 1819 664 1885 Galli
681 1821 714 1884 in
729 1821 794 1884 suis
808 1819 931 1884 Furcas
943 1821 1100 1907 hodieque
1113 1824 1242 1910 faciunt)

59 1901 178 1970 ittellanis
197 1915 277 1973 certe
303 1920 421 1972 mutato
443 1919 509 1972 tum
531 1905 665 1992 primdm
685 1906 877 1991 Satyrorum
898 1908 1022 1973 nomine
1043 1910 1077 1973 in
1094 1909 1240 1990 andio,

59 1990 111 2070 prod
121 1993 148 2055 iu
159 2006 313 2077 posterum
327 1995 448 2059 mansit

80 2076 160 2160 Atque
173 2079 233 2144 baec
247 2080 307 2144 suit
321 2082 464 2165 primast
479 2080 692 2164 antiquissima
703 2078 857 2144 Romanas
871 2078 981 2143 Satirae
995 2078 1104 2146 forma.
1140 2081 1242 2150 Erant

59 2161 218 2242 [ridendus
235 2166 316 2245 aliae,
336 2189 513 2251 quanquam
533 2166 554 2230 a
574 2167 675 2251 primi
695 2163 828 2230 multum
843 2165 1071 2250 discrepabant,
1092 2168 1120 2232 ei
1136 2179 1241 2236 tamen

59 2251 114 2327 ussi
124 2263 210 2317 enatae
223 2252 409 2337 suffragines
421 2265 523 2318 ortum
536 2274 628 2317 suum
640 2251 836 2329 referebant3
852 2251 937 2336 quod
948 2252 1043 2336 quim
1058 2255 1241 2323 brevissima

59 2343 137 2413 utero,
145 2338 203 2422 jam
216 2339 431 2405 confirmatum
446 2339 538 2406 dabo.

82 2417 137 2486 Uno
154 2447 228 2490 anno
250 2442 418 2510 postquam
439 2423 546 2490 Livius
570 2424 685 2509 primas
706 2423 844 2489 dedisset
866 2421 996 2500 fabulas,
1018 2436 1110 2490 natus
1134 2436 1183 2492 est
1207 2428 1241 2494 in

59 2500 119 2570 Intit
141 2507 270 2576 Ennius:
308 2513 364 2597 qui
391 2510 465 2576 crim
498 2510 694 2586 adolevisset,
730 2521 763 2575 et
792 2507 972 2595 diligentiis
1001 2512 1241 2593 considerasset,

59 2596 521 2768 enutriuntur
532 2596 1242 2752 trrrtunerrrltntun*nun

59 2759 144 2831 fitteris
155 2769 315 2836 Satirarum
338 2771 494 2836 mordacia
512 2781 732 2835 conservarent
753 2782 866 2845 tamen,
883 2792 945 2834 non
967 2792 1060 2854 posse
1083 2793 1147 2836 non
1170 2772 1239 2857 pla-

60 2867 99 2911 tta
116 2854 232 2937 populo;
254 2856 429 2943 periculum
442 2856 517 2922 fecit
536 2868 629 2940 atque
648 2855 745 2919 edidit
758 2856 926 2919 Sermones
938 2877 1017 2939 quos
1033 2855 1150 2921 Satires
1172 2880 1239 2923 ser-

59 2948 101 2996 uo
115 2941 221 3025 antiquo
243 2945 371 3009 nomine
394 2942 570 3028 appellavit.
616 2941 717 3006 Erant
730 2940 763 3005 hi
780 2942 945 3006 Sermones
962 2939 1138 3019 Horatium,
1153 2944 1239 3026 quod

59 3018 282 3105 *intrumentum
306 3042 341 3096 et
365 3031 543 3095 varietatem
556 3043 682 3107 nerum,
711 3050 768 3112 per
793 3029 897 3092 omnia
925 3026 1061 3091 similes:
1093 3042 1237 3113 excepto,

59 3103 115 3184 {tid
131 3107 230 3180 Eamus
253 3117 295 3181 ad
319 3116 514 3201 quorundam
530 3115 725 3191 Graeeomm,
748 3115 847 3199 ipsius
866 3116 960 3179 etiam
981 3113 1114 3179 Homeri
1133 3136 1239 3181 exem·

59 3187 122 3270 ilum,
143 3197 169 3261 id
188 3202 242 3266 sibi
263 3204 347 3288 juris
370 3225 438 3267 sum
495 3203 546 3277 rit,
573 3211 609 3266 ut
631 3199 723 3285 plura
746 3202 917 3265 carminum
942 3221 1069 3284 genera,
1096 3199 1236 3267 confusis

59 3271 221 3365 lemnia,
235 3289 400 3365 Iombicis,
454 3286 608 3364 rimetris,
618 3299 651 3352 et
669 3285 876 3351 Tetrometrs's
895 3285 1081 3351 Thocdoicit
1094 3289 1239 3353 commis·

60 3378 116 3442 “tlt
128 3381 156 3432 ut
166 3394 202 3437 ex
214 3374 397 3460 fragmentis
412 3396 481 3460 quae
499 3385 676 3458 supersunt,
693 3374 768 3437 satis
784 3372 892 3521 liguet.

78 3446 171 3520 Videtis
184 3457 443 3528 Tetrametrorum
458 3483 548 3525 exem
570 3458 633 3524 lum
648 3459 689 3523 ab
703 3456 787 3524 Aulo
833 3458 907 3523 ellio
921 3471 1146 3539 conservatum,
1169 3460 1240 3547 dig..

59 3553 102 3600 ’ΠΜ
112 3542 181 3621 aas,
234 3548 275 3612 od
290 3549 333 3613 ob
348 3548 529 3631 eximiamp
563 3544 769 3611 chritudinem
783 3543 835 3609 htc
849 3555 1035 3629 reponaturz

176 3569 324 3699 Iddcertr
338 3634 628 3720 tibiargmnentam
778 3631 971 3716 inpronqrtu
984 3630 1089 3710 situm

175 3717 303 3804 Nequid
316 3729 467 3805 expectes
480 3721 610 3796 ammos,
720 3725 786 3781 tute
799 3739 900 3804 agere
907 3716 1028 3802 pomis.

76 3793 315 3871 dunumemrenm
347 3810 440 3892 porro
462 3805 564 3869 Enatii
585 3803 705 3868 Satiris
729 3801 856 3868 aiteram
883 3803 968 3867 illam
996 3805 1131 3888 ερεοίεω
1156 3806 1238 3873 Ver.

59 3899 118 3960 uum,
135 3890 180 3970 qui
201 3892 238 3956 eh
260 3905 335 3958 sunt
356 3903 527 3969 venustate,
553 3889 592 3956 et
613 3889 778 3975 elegantiis,
802 3901 838 3954 ut
859 3889 998 3956 seculum
1022 3889 1116 3976 longe
1142 3916 1237 3979 supe·

59 3984 93 4028 ue
108 3972 260 4044 videantur.
306 3978 390 4044 Rem
415 4001 479 4044 non
503 3980 656 4062 ingratam
677 3976 791 4053 secero,
818 3978 846 4040 si
869 3976 1009 4042 Lectoris
1037 3977 1136 4045 oculis
1162 3982 1238 4047 snb·

59 4071 133 4120 ueros

175 4148 246 4213 Non
258 4151 361 4214 habeo
374 4151 510 4236 densique
523 4150 617 4214 nauci
631 4148 780 4213 Murrum
794 4149 964 4232 Augurem,

176 4233 247 4298 Non
260 4237 390 4301 vicanos
403 4235 588 4322 Aruapicea‚
601 4257 663 4300 non
676 4235 717 4299 dc
735 4235 830 4300 Circo
843 4233 1046 4323 Astrologon

176 4319 246 4385 Non
258 4323 385 4387 Isiacos
402 4323 614 4408 Carpentores,
628 4343 689 4386 non
703 4320 900 4407 Intetpretes
912 4322 1086 4386 sommam

178 4405 247 4472 Non
260 4410 343 4473 emm
356 4418 428 4473 sam
442 4409 478 4486 ii,
493 4419 550 4474 cut
564 4408 709 4486 seiemid,
723 4417 781 4473 cst
795 4416 866 4473 orte
882 4406 1011 4485 Diuini3

178 4492 239 4557 Sed
249 4496 461 4581 spermitiom
475 4506 573 4573 antes,
589 4496 846 4581 impudemesqae
859 4494 988 4570 nomm,

177 4578 238 4644 Ast
250 4582 376 4659 inertes,
390 4591 449 4647 out
461 4583 576 4661 ineam,
590 4590 647 4647 out
661 4581 776 4665 quidm
789 4588 918 4669 egestas
931 4580 1088 4664 inperan-
