3059 4984
353 315 375 376 2
738 313 780 386 Q.
804 311 1001 376 HORATll
1026 311 1051 376 F
1056 309 1186 378 Lucet

355 460 450 562 “3⁹¹3oe
469 460 532 528 ¹¹¹².ss
552 465 599 527 squ
616 459 686 528 5⁸⁰³,
697 451 754 497 ¹⁰¹¹·
768 447 940 534 Collegisse
950 448 1053 533 juvat:
1076 460 1217 531 metaque
1230 444 1367 510 fervidis

355 517 754 628 etpffippdffluprrphngtffi
769 535 892 600 Elim
904 537 992 614 ‘⁰5⁸2
1006 534 1169 620 P⁸J¹¹¹³ilue
1184 531 1301 597 ¹10bi¹l⁸

355 662 399 693 res.
420 646 755 703 fl„,0‚.5,0„0„„,120m,.
768 621 935 686 Terrarum
950 621 1091 687 dominos
1106 621 1209 686 evehit
1222 619 1262 683 ad
1279 616 1388 681 Deos.

355 727 438 787 ¹¹<oun
455 711 756 789 inanissimarum
812 707 919 785 Hunc,
932 709 958 771 si
969 709 1128 773 mobilium
1142 707 1232 771 turbs
1247 703 1405 778 eriritim

354 777 433 824 ΨΜ
447 778 477 824 “¹
491 791 605 825 ΜΝ
615 778 754 839 ‘hilm‘
769 793 877 859 Certat
889 795 1067 879 tergeminis
1081 793 1190 860 tollere
1205 790 1405 857 honoribus:

835 929 1100 978 ANNOTATIONES.

355 1018 539 1079 quinquennales
550 1020 667 1082 Olympici
679 1029 702 1067 et
719 1020 827 1074 Isthmii3
844 1019 949 1066 Nemeai
982 1022 1069 1068 Auson.
1083 1019 1192 1080 Epitaph.
1204 1016 1243 1064 35.

354 1083 422 1131 tertio
446 1100 539 1144 quoquc
563 1100 625 1132 anno
648 1085 750 1140 fiebant;
775 1086 880 1147 plerique
900 1085 950 1131 dies
1014 1084 1244 1145 Phosphoreclamori
1253 1081 1404 1141 spatiosape

355 1149 458 1209 quinque
469 1151 592 1197 durabant.
619 1151 656 1197 Ab
664 1151 793 1211 Olympicis
805 1150 877 1197 Ludis
888 1165 949 1196 nun·
1047 1152 1156 1210 Septenos
1165 1149 1246 1195 solitus
1255 1148 1333 1192 victor
1344 1146 1405 1189 obiri

354 1223 444 1274 cupata
454 1224 509 1260 sunt
519 1215 670 1276 Olympiades
686 1232 715 1263 ea
729 1216 805 1276 spatia
820 1230 861 1262 seu
877 1215 949 1261 iuter·
983 1217 1086 1276 Propert.
1098 1214 1137 1259 lib.
1149 1215 1172 1260 2.
1184 1214 1250 1271 Eleg.
1262 1212 1304 1257 25.
1314 1225 1336 1254 v.
1349 1210 1391 1256 ab.

355 1279 415 1325 valla
426 1280 483 1325 duaa
497 1279 558 1326 inter
575 1280 694 1327 Ludorum
709 1280 875 1327 celebrationes
885 1295 949 1326 com·
1014 1284 1063 1327 Aut
1072 1282 1139 1340 priris
1149 1274 1232 1338 infecto
1242 1276 1348 1335 deposcit
1357 1288 1405 1333 pra

354 1344 475 1403 prehensa
510 1344 631 1391 Institutas
649 1346 711 1392 fama
725 1354 760 1391 est
777 1346 854 1391 Ludos
867 1345 949 1405 Olym·
1046 1346 1226 1405 Septimaqudsr
1236 1349 1322 1387 arcton
1333 1340 1405 1385 trion

354 1408 417 1468 picos
428 1424 490 1456 anno
498 1410 570 1467 4400,
578 1412 608 1456 ab
620 1411 721 1456 Hercule
731 1409 837 1456 Cretensi
847 1409 951 1470 quidem,
983 1410 1060 1456 Greci
1082 1409 1216 1455 duodenum
1243 1406 1335 1451 flexum
1364 1412 1405 1448 not

353 1471 498 1521 inhonorem
508 1474 952 1535 Pelopis,JuxtaflumenAlpheum,sd
984 1476 1078 1536 Olymp.
1100 1474 1145 1520 Od.
1162 1473 1185 1519 3.
1203 1466 1297 1517 δωδικά
1335 1482 1405 1531 aps-r

353 1538 477 1584 delubrum
488 1538 552 1586 Jovis
562 1539 587 1585 in
595 1540 692 1595 Achaii,
699 1538 949 1600 juxtaPisametEli·
983 1540 1051 1650 l’prb.
1077 1539 1121 1585 Od.
1148 1540 1171 1583 5.
1199 1531 1300 1598 rodopa
1313 1549 1351 1610 surr
1379 1527 1404 1577 dr

353 1603 415 1658 dem,
424 1603 448 1649 in
458 1604 546 1664 Campo
556 1604 594 1650 cui
603 1604 714 1665 Olympia
723 1619 817 1650 nomen.
850 1603 950 1650 Victori·
982 1619 1093 1666 τμενος.
1130 1602 1184 1649 Non
1210 1608 1395 1662 pretermittam

351 1668 395 1712 bus
416 1667 522 1727 oleagina
543 1669 641 1715 dabatur
664 1684 756 1715 corona.
790 1668 849 1714 Vide
868 1668 950 1727 Virgil.
984 1670 1150 1716 Britannorum
1163 1668 1187 1712 in
1203 1664 1313 1725 regendis
1327 1661 1405 1709 cunii

353 1731 556 1791 Georg.3.v.18.
571 1742 657 1793 etseq.
679 1734 746 1779 Alex.
758 1733 915 1780 abhlealib.
927 1734 950 1778 b.
983 1734 1097 1780 dustrism
1115 1747 1142 1778 sc
1160 1731 1286 1785 solertiam,
1309 1729 1341 1774 sd
1360 1742 1405 1787 qus

351 1798 505 1856 osp.8.Coel.
518 1798 620 1857 Rhodig.
635 1799 675 1844 lib.
688 1798 786 1859 13.cap.
799 1796 837 1852 17.
870 1798 949 1858 Pythii
982 1799 1052 1845 diano
1063 1809 1087 1845 et
1100 1796 1266 1844 exercitatione
1279 1794 1405 1841 assuesceb

353 1860 414 1907 Ludi
425 1862 512 1909 flebant
523 1862 547 1908 in
558 1863 671 1910 honorem
679 1862 794 1924 Apollinis
803 1862 832 1908 ob
841 1862 949 1909 intersec·
981 1865 1035 1909 cts'oi
1045 1879 1073 1909 oc
1080 1864 1197 1922 precipiti
1207 1862 1254 1907 loco
1264 1860 1377 1905 imitator
1388 1872 1405 1902 er

351 1934 402 1972 tum
430 1927 562 1988 Pythonem
589 1936 729 1989 serpentem.
774 1928 951 1974 Coronabantur
982 1944 1010 1975 oc
1026 1929 1088 1974 brevi
1101 1929 1214 1973 moderari
1227 1932 1250 1972 ct
1260 1926 1367 1983 flectere,
1385 1932 1405 1966 et

351 1991 417 2038 lauro
428 1992 533 2039 victores.
567 1992 672 2040 Isthmici
680 1997 694 2040 h
703 1993 795 2040 Theseo
806 1991 876 2039 diecti
886 1993 950 2054 Nep·
981 2008 1081 2048 merc,
1092 1999 1115 2038 et
1125 1994 1150 2037 iu
1157 1990 1219 2053 jugo
1228 1992 1345 2042 insistere,
1360 1994 1384 2032 ct
1400 2001 1405 2030 ι

351 2064 416 2112 tuno,
427 2059 464 2104 rel
474 2058 578 2115 Herculi,
589 2060 626 2105 vel
637 2059 764 2105 Melicerte
772 2073 814 2104 seu
823 2057 949 2104 Palemoni
981 2058 1185 2118 mreetpereetrt
1193 2060 1293 2115 ponem.
1327 2053 1405 2097 Cesar

352 2120 419 2182 (uam
429 2123 499 2169 varia
513 2131 568 2170 sunt
582 2121 715 2183 opiniones)
727 2123 752 2169 in
770 2122 860 2168 Isthmo
871 2138 913 2169 seu
925 2123 949 2168 in
981 2124 1021 2169 lib.
1033 2125 1055 2170 4.
1067 2138 1117 2183 esp.
1128 2122 1167 2168 311
1178 2119 1288 2166 meminit
1300 2124 1325 2164 et
1338 2118 1405 2163 luvet

351 2187 455 2246 angustis
465 2187 570 2233 faucibus
582 2187 744 2233 Corinthiacis.
778 2187 948 2232 Victorumco·
983 2187 1037 2234 126.

350 2265 409 2296 rona
429 2256 443 2297 e
463 2251 521 2310 pinu
542 2260 598 2297 erat.
633 2251 741 2311 Denique
763 2251 868 2297 Nemeaei
888 2250 948 2296 Ludi
1013 2253 1036 2297 b.
1054 2245 1200 2311 Pulsisque]
1234 2246 1338 2295 Athletis
1351 2244 1393 2305 qui

350 2315 527 2361 celebrabantur
537 2315 573 2361 vel
584 2315 609 2361 in
619 2315 718 2375 gratiam
728 2315 837 2361 llcrculis
847 2316 876 2361 ob
887 2314 947 2361 occi·
980 2316 1038 2371 this,
1050 2315 1168 2369 Nemeaea,
1180 2314 1279 2360 lsthmia
1289 2311 1405 2363 vicissent

351 2393 403 2424 sum
412 2379 553 2426 inNemesei
561 2381 627 2439 sylvis
635 2381 726 2427 leonem
734 2379 948 2440 prodigiosaemag-
980 2380 1079 2427 bonores
1094 2379 1234 2434 tribuebant,
1252 2386 1279 2423 ut
1292 2392 1338 2422 sos
1351 2376 1404 2421 mod

350 2443 472 2500 nitudinis,
487 2445 549 2505 apud
565 2446 664 2491 Cleonas
678 2444 774 2491 Achaim
790 2445 907 2491 civitatem
923 2443 949 2489 in
980 2452 1125 2491 stostescam
1134 2437 1405 2504 poindetoorosdserre

351 2508 526 2569 Peloponneso;
552 2510 597 2565 vel,
625 2518 652 2556 ut
675 2510 715 2556 alii
740 2510 828 2564 volunt,
855 2516 949 2569 propter
981 2511 1068 2556 etcum
1082 2516 1253 2555 reverterentur
1270 2507 1295 2552 in
1312 2520 1367 2551 suas
1381 2504 1402 2550 ci

350 2573 520 2619 Archemorum
542 2574 643 2635 Lycurgi
668 2589 767 2635 puerum
788 2574 812 2619 in
838 2573 949 2620 Nemees
980 2574 1036 2634 rigis
1049 2574 1220 2634 triumphantes
1235 2571 1404 2617 inveherentur

349 2638 570 2697 sylvidefunctum.
604 2638 736 2685 Victoribus
751 2653 781 2684 ex
796 2637 849 2699 apio
863 2652 949 2685 corona
979 2640 1071 2699 galibus
1094 2643 1109 2684 a
1129 2638 1259 2698 Republicfs
1280 2633 1405 2681 constitutit

350 2702 521 2749 conficiebatur.
556 2703 585 2749 ln
595 2703 645 2750 istis
660 2704 768 2750 omnibus
781 2704 854 2749 Ludis
864 2711 949 2764 prater
980 2704 1055 2764 spatio
1065 2704 1204 2749 fruerentur.
1238 2700 1396 2747 llrecVitruv.

349 2766 527 2815 exercitationes
538 2768 647 2829 oorporis,
662 2777 729 2815 erant
739 2776 763 2815 et
773 2768 861 2829 ingenii
872 2776 948 2815 certa·
980 2772 1035 2814 verb
1045 2768 1139 2828 signum
1149 2766 1250 2813 victoria
1264 2764 1350 2826 passim
1364 2778 1405 2824 spu

351 2832 430 2885 minsr
447 2833 554 2879 videlicet
566 2835 695 2894 poetarrun,
706 2834 812 2888 victores,
823 2833 914 2889 heroas,
925 2841 949 2878 et
981 2834 1062 2889 ruitur,
1081 2848 1110 2878 ex
1130 2832 1261 2886 Plutarcho,
1280 2838 1403 2891 propterea

350 2897 457 2953 athletas,
465 2897 571 2944 certatim
579 2898 732 2945 laudantium.
744 2899 804 2944 Vide
813 2898 948 2944 Pindarum.
980 2901 1031 2958 ejus
1045 2906 1129 2944 natura
1143 2898 1208 2956 ligni,
1228 2904 1255 2942 ut
1271 2893 1405 2953 urgentibus

351 2961 480 3022 Olympicis
492 2977 568 3023 agona
583 2963 701 3010 Musicurn
716 2963 807 3010 addidit
818 2963 896 3015 Neror
907 2962 949 3022 qul
981 2966 1070 3023 busque
1080 2962 1177 3008 minime
1188 2962 1262 3008 cedat.
1296 2958 1365 3005 Unde
1376 2970 1405 3003 est

350 3037 374 3073 et
389 3027 415 3073 in
429 3028 458 3073 iis
474 3043 521 3075 non
540 3027 600 3088 bigis
617 3030 659 3075 sed
675 3027 806 3088 decemjugi
821 3042 891 3073 curru
905 3042 948 3073 au·
982 3029 1146 3089 Epigramma:

350 3092 441 3151 rigavit,
453 3092 619 3152 victoriamque
634 3093 695 3139 tulit.
729 3093 795 3152 Sylla
809 3092 949 3153 Olympiade
1013 3092 1239 3151 Nititurinpondus
1247 3089 1332 3150 polsso,
1345 3094 1404 3135 sico

352 3155 406 3211 175.
426 3157 524 3203 athletas
543 3166 567 3203 et
585 3157 675 3217 reliqua
691 3172 720 3203 ex
740 3156 856 3217 Olympiis
874 3166 949 3202 certa·
1078 3163 1141 3201 tum:

351 3221 416 3267 rnina
426 3221 527 3268 Romam
542 3221 651 3268 traduxit.
686 3222 753 3268 Alea
769 3224 799 3268 ab
811 3222 878 3268 Alex.
895 3226 949 3268 ante
1016 3222 1108 3281 Quique
1119 3221 1193 3281 arogis
1200 3220 1405 3279 prenitaalrocmo

351 3286 390 3333 cit.
1014 3286 1037 3332 6.
1057 3287 1179 3332 Terrarum
1196 3280 1315 3343 dominos]
1333 3282 1405 3327 lstav

383 3352 407 3397 4.
424 3347 554 3414 Metapa]
583 3352 649 3399 Meta
659 3351 718 3412 lapis
729 3359 772 3407 est,
783 3352 819 3397 rel
830 3350 950 3410 congeries
981 3351 1098 3411 accipiunt
1112 3351 1141 3397 de
1155 3348 1275 3403 Romanis,
1290 3346 1329 3407 qui
1341 3345 1405 3392 fuerit

352 3417 460 3475 quaedam
476 3418 500 3463 in
519 3432 618 3464 acumen
634 3416 757 3477 fastigiata,
774 3431 816 3462 seu
832 3419 845 3462 ὲ
862 3417 909 3461 lato
924 3415 949 3461 in
983 3416 1056 3462 Ludis
1076 3414 1231 3468 Circensibus,
1248 3413 1333 3460 scilicet
1349 3413 1378 3457 ob
1398 3411 1405 3454 i

351 3489 446 3526 scutum
462 3491 546 3538 erecta,
563 3483 624 3529 circs
638 3497 709 3542 quam
727 3496 816 3537 currus,
832 3495 875 3527 seu
889 3479 950 3539 biga
982 3482 1179 3527 Romanosrerasr
1189 3480 1305 3529 dominos,-
1316 3476 1405 3522 nonnul

353 3545 389 3589 vel
397 3546 525 3606 quadriga,
535 3562 578 3593 seu
588 3548 658 3594 etiam
670 3547 694 3593 in
705 3546 763 3593 mari
775 3560 846 3592 naves
856 3560 950 3591 cursum
983 3547 1054 3591 vitam
1075 3552 1099 3591 et
1119 3545 1237 3590 fortunam
1257 3540 1405 3602 Olympionica

352 3609 483 3656 flectebant.
516 3611 584 3656 Ouid.
596 3612 751 3672 Metamorph.
764 3611 803 3657 lo.
814 3626 836 3655 v.
849 3608 902 3657 106.
982 3610 1073 3665 simam,
1096 3624 1149 3668 quae
1168 3618 1192 3654 et
1214 3608 1238 3653 in
1262 3605 1402 3668 proverbium

554 3676 631 3722 Metus
641 3678 732 3722 imitato
743 3691 869 3737 cupressea.
983 3675 1028 3720 lius
1045 3683 1123 3720 tamen
1138 3674 1178 3720 alii
1195 3673 1225 3719 sd
1243 3672 1304 3732 ipsos
1318 3671 1375 3716 Deos
1389 3684 1402 3714 o

352 3737 381 3785 ln
397 3739 465 3785 Circo
480 3740 587 3786 Romano
601 3750 669 3786 meta
685 3742 788 3801 primum
806 3742 904 3800 ligneaer
921 3740 951 3785 ab
983 3750 1051 3785 tores.

336 3803 495 3865 imperatore
507 3804 605 3851 Claudio
615 3805 682 3851 facte
693 3806 789 3851 demum
800 3820 877 3851 suresr
888 3813 950 3850 sunt.
1015 3805 1144 3851 Eoehitod
1156 3797 1237 3862 Deos]
1271 3802 1307 3846 hd
1321 3800 1405 3846 Deorur

352 3868 591 3915 Aleasustenctr.
982 3869 1187 3915 videturevebere.
1222 3865 1395 3911 {lincolina

384 3934 491 3980 Pernidis
510 3931 704 3995 licitatorem]
742 3934 875 3995 Praecipuus
900 3941 951 3981 erat
984 3936 1091 3981 Coetestes
1101 3934 1247 3994 appellantur
1258 3929 1405 3990 Olympionica

351 3998 457 4044 laboret
474 4014 566 4045 summa
584 4000 661 4046 cautio
679 4000 704 4045 in
722 4000 796 4046 curuli
815 4000 950 4055 certamine,
1015 4000 1037 4053 7.
1055 3994 1195 4057 Montana]
1229 3996 1327 4045 Quidam
1335 3995 1405 4039 Nubit

352 4077 382 4108 ne
398 4062 423 4109 in
434 4063 496 4110 lleru
513 4079 593 4110 currus
609 4064 749 4125 impingeret
765 4065 795 4110 ad
811 4074 950 4119 memmae
981 4064 1040 4110 illud
1060 4064 1206 4124 aptissimum
1225 4060 1301 4121 populi
1320 4058 1403 4119 epithet

352 4127 532 4187 diffingeretur.
550 4129 620 4190 Apud
630 4130 725 4175 llomer.
738 4129 806 4175 lliad.
814 4132 847 4175 Ψ.
866 4129 951 4175 Nestor
983 4125 1059 4188 tium]
1095 4127 1242 4181 Altomulo,
1253 4125 1291 4184 qui
1301 4133 1349 4184 post
1362 4138 1405 4168 mor

352 4192 503 4240 Antilochum
519 4194 594 4239 lilium
606 4194 715 4240 erudiens
727 4202 808 4241 monet
818 4195 949 4240 carendum
981 4194 1072 4240 theosin
1092 4192 1205 4242 Quirinus
1227 4199 1324 4245 vocatus,
1347 4188 1405 4237 uuir:

352 4265 380 4303 ut
398 4266 455 4303 rota
473 4258 588 4306 modiolus
606 4273 721 4305 summam
745 4260 841 4318 quidem
862 4268 949 4305 metam
981 4258 1116 4309 suntdicti;

351 4321 455 4382 stdgine
466 4322 635 4383 videatur„sed
646 4323 729 4385 lapidis
739 4331 828 4370 tactum
839 4324 903 4378 vitet,
919 4338 949 4369 ne
1014 4320 1405 4383 SiseqobdhostoQuirisprs'scisestr

351 4388 503 4434 vulnerentur
535 4388 597 4449 equi,
630 4403 757 4448 currusque
784 4389 949 4449 disrumpatur.
983 4388 1051 4434 ovid.
1064 4384 1249 4440 Factum.

353 4452 417 4511 Ergo
428 4454 562 4500 nonabsre
573 4454 598 4500 in
609 4452 738 4514 Olympici·
750 4454 894 4501 nobilissima
904 4469 948 4514 pu·
1013 4454 1036 4499 11
1067 4452 1207 4511 Tergestinis
1233 4445 1362 4507 imeritus]
1400 4474 1405 4492 .

352 4519 445 4564 tabstur
458 4534 487 4565 ea
500 4518 597 4565 victoria
611 4518 697 4564 curulis
716 4519 805 4578 agonis
839 4520 906 4565 Patet
920 4534 948 4564 ex
983 4518 1121 4571 Tribunatu,
1147 4515 1277 4569 Quartum,
1302 4513 1405 4558 AEdilitsu

354 4582 473 4630 Herodoto
497 4592 521 4630 et
544 4584 652 4631 Pindaro.
686 4584 757 4630 Porro
778 4584 839 4630 circs
862 4592 949 4630 metam
982 4583 1118 4637 Consulatu,
1140 4580 1252 4632 Cenanti,
1271 4578 1385 4624 Dictaturis

351 4650 525 4709 currmsgiuri
536 4651 636 4697 debebat
645 4650 737 4711 septies.
764 4690 767 4695 ,
982 4648 1057 4707 ligurit
1069 4647 1163 4693 iteratos
1178 4644 1333 4704 Magistratusr
1345 4657 1404 4688 nonn
