<?xml version="1.0" encoding="UTF-8"?>
<!DOCTYPE html PUBLIC "-//W3C//DTD XHTML 1.0 Transitional//EN"
    "http://www.w3.org/TR/xhtml1/DTD/xhtml1-transitional.dtd">
<html xmlns="http://www.w3.org/1999/xhtml" xml:lang="en" lang="en">
 <head>
  <title>
</title>
<meta http-equiv="Content-Type" content="text/html;charset=utf-8" />
  <meta name='ocr-system' content='tesseract 3.04.00' />
  <meta name='ocr-capabilities' content='ocr_page ocr_carea ocr_par ocr_line ocrx_word'/>
</head>
<body>
  <div class='ocr_page' id='page_1' title='image "./quintihoratiifl00dacigoog_0164.png"; bbox 0 0 3059 4984; ppageno 0'>
   <div class='ocr_carea' id='block_1_1' title="bbox 398 281 1293 353">
    <p class='ocr_par' dir='ltr' id='par_1_1' title="bbox 398 281 1293 353">
     <span class='ocr_line' id='line_1_1' title="bbox 398 281 1293 353; baseline 0.007 -6"><span class='ocrx_word' id='word_1_1' title='bbox 398 281 653 350; x_wconf 87' lang='lat' dir='ltr'>CARMINUM</span> <span class='ocrx_word' id='word_1_2' title='bbox 677 283 817 351; x_wconf 87' lang='lat' dir='ltr'>LIBER</span> <span class='ocrx_word' id='word_1_3' title='bbox 840 286 887 352; x_wconf 91' lang='lat' dir='ltr'>ll.</span> <span class='ocrx_word' id='word_1_4' title='bbox 914 289 962 353; x_wconf 85' lang='lat'>15.</span> <span class='ocrx_word' id='word_1_5' title='bbox 1233 289 1293 353; x_wconf 71' lang='lat'>129</span> 
     </span>
    </p>
   </div>
   <div class='ocr_carea' id='block_1_2' title="bbox 56 417 1292 683">
    <p class='ocr_par' dir='ltr' id='par_1_2' title="bbox 56 417 1292 683">
     <span class='ocr_line' id='line_1_2' title="bbox 57 417 1291 500; baseline -0.002 -16"><span class='ocrx_word' id='word_1_6' title='bbox 57 417 196 486; x_wconf 85' lang='lat' dir='ltr'>Evinoet</span> <span class='ocrx_word' id='word_1_7' title='bbox 208 418 326 500; x_wconf 73' lang='lat' dir='ltr'>ulmoar</span> <span class='ocrx_word' id='word_1_8' title='bbox 342 430 408 486; x_wconf 85' lang='lat' dir='ltr'>tum</span> <span class='ocrx_word' id='word_1_9' title='bbox 421 420 557 499; x_wconf 80' lang='lat' dir='ltr'>violaria,</span> <span class='ocrx_word' id='word_1_10' title='bbox 572 433 604 488; x_wconf 93' lang='lat' dir='ltr'>et</span> <span class='ocrx_word' id='word_1_11' title='bbox 844 425 1080 489; x_wconf 67' lang='lat' dir='ltr'>5u1m02exuuaes</span> <span class='ocrx_word' id='word_1_12' title='bbox 1114 425 1291 482; x_wconf 64' lang='lat' dir='ltr'>batumum,</span> 
     </span>
     <span class='ocr_line' id='line_1_3' title="bbox 56 491 1292 619; baseline -0.009 -7"><span class='ocrx_word' id='word_1_13' title='bbox 56 505 200 590; x_wconf 51' lang='lat' dir='ltr'>uam,</span> <span class='ocrx_word' id='word_1_14' title='bbox 214 518 247 571; x_wconf 72' lang='lat' dir='ltr'>a</span> <span class='ocrx_word' id='word_1_15' title='bbox 260 509 465 608; x_wconf 65' lang='lat' dir='ltr'>⁰m3¹1⁸9⁰r³³</span> <span class='ocrx_word' id='word_1_16' title='bbox 478 509 608 587; x_wconf 70' lang='lat' dir='ltr'>mmm,</span> <span class='ocrx_word' id='word_1_17' title='bbox 877 491 1292 619; x_wconf 44' lang='lat' dir='ltr'>terminantem</span> 
     </span>
     <span class='ocr_line' id='line_1_4' title="bbox 97 592 1289 683; baseline -0.006 -27"><span class='ocrx_word' id='word_1_18' title='bbox 97 592 261 678; x_wconf 77' lang='lat' dir='ltr'>spargent</span> <span class='ocrx_word' id='word_1_19' title='bbox 275 592 396 659; x_wconf 79' lang='lat' dir='ltr'>olivetas</span> <span class='ocrx_word' id='word_1_20' title='bbox 410 595 537 660; x_wconf 92' lang='lat' dir='ltr'>odorem</span> <span class='ocrx_word' id='word_1_21' title='bbox 877 623 928 669; x_wconf 58' lang='grc' dir='ltr'><strong>ιω.</strong></span> <span class='ocrx_word' id='word_1_22' title='bbox 954 622 1011 668; x_wconf 56' lang='lat' dir='ltr'>op„</span> <span class='ocrx_word' id='word_1_23' title='bbox 1037 625 1090 669; x_wconf 60' lang='lat' dir='ltr'>,m</span> <span class='ocrx_word' id='word_1_24' title='bbox 1116 621 1213 677; x_wconf 67' lang='lat' dir='ltr'>amia,</span> <span class='ocrx_word' id='word_1_25' title='bbox 1238 636 1289 683; x_wconf 58' lang='lat' dir='ltr'>q„</span> 
     </span>
    </p>
   </div>
   <div class='ocr_carea' id='block_1_3' title="bbox 145 677 1290 766">
    <p class='ocr_par' dir='ltr' id='par_1_3' title="bbox 145 677 1290 766">
     <span class='ocr_line' id='line_1_5' title="bbox 145 677 1290 766; baseline -0.003 -24"><span class='ocrx_word' id='word_1_26' title='bbox 145 677 314 745; x_wconf 85' lang='lat' dir='ltr'>Fertilibus</span> <span class='ocrx_word' id='word_1_27' title='bbox 328 681 454 746; x_wconf 89' lang='lat' dir='ltr'>domino</span> <span class='ocrx_word' id='word_1_28' title='bbox 468 682 574 766; x_wconf 85' lang='lat' dir='ltr'>priori.</span> <span class='ocrx_word' id='word_1_29' title='bbox 877 688 949 748; x_wconf 78' lang='lat' dir='ltr'>priori</span> <span class='ocrx_word' id='word_1_30' title='bbox 973 687 1100 748; x_wconf 70' lang='lat' dir='ltr'>possessori</span> <span class='ocrx_word' id='word_1_31' title='bbox 1122 686 1224 733; x_wconf 74' lang='lat' dir='ltr'>suanm</span> <span class='ocrx_word' id='word_1_32' title='bbox 1247 688 1290 732; x_wconf 80' lang='lat' dir='ltr'>ds·</span> 
     </span>
    </p>
   </div>
   <div class='ocr_carea' id='block_1_4' title="bbox 55 752 1290 865">
    <p class='ocr_par' dir='ltr' id='par_1_4' title="bbox 55 752 1290 865">
     <span class='ocr_line' id='line_1_6' title="bbox 55 752 1290 865; baseline 0.02 -38"><span class='ocrx_word' id='word_1_33' title='bbox 55 762 172 829; x_wconf 79' lang='lat' dir='ltr'>&#39;l&#39;ums</span> <span class='ocrx_word' id='word_1_34' title='bbox 196 766 260 830; x_wconf 86' lang='lat' dir='ltr'>issa</span> <span class='ocrx_word' id='word_1_35' title='bbox 273 767 366 831; x_wconf 87' lang='lat' dir='ltr'>ramis</span> <span class='ocrx_word' id='word_1_36' title='bbox 381 766 486 833; x_wconf 89' lang='lat' dir='ltr'>laurea</span> <span class='ocrx_word' id='word_1_37' title='bbox 499 767 633 834; x_wconf 82' lang='lat' dir='ltr'>fervidos</span> <span class='ocrx_word' id='word_1_38' title='bbox 877 752 1290 865; x_wconf 47' lang='lat' dir='ltr'>ffwffiffii‘fflffiifi</span> 
     </span>
    </p>
   </div>
   <div class='ocr_carea' id='block_1_5' title="bbox 53 849 1290 1191">
    <p class='ocr_par' dir='ltr' id='par_1_5' title="bbox 53 849 1290 1191">
     <span class='ocr_line' id='line_1_7' title="bbox 54 849 1290 942; baseline 0.006 -27"><span class='ocrx_word' id='word_1_39' title='bbox 54 849 161 916; x_wconf 85' lang='lat' dir='ltr'>Exclu</span> <span class='ocrx_word' id='word_1_40' title='bbox 182 864 216 916; x_wconf 89' lang='lat' dir='ltr'>et</span> <span class='ocrx_word' id='word_1_41' title='bbox 228 852 319 917; x_wconf 88' lang='lat' dir='ltr'>ictus.</span> <span class='ocrx_word' id='word_1_42' title='bbox 365 851 441 918; x_wconf 92' lang='lat' dir='ltr'>Non</span> <span class='ocrx_word' id='word_1_43' title='bbox 454 854 498 918; x_wconf 89' lang='lat' dir='ltr'>ita</span> <span class='ocrx_word' id='word_1_44' title='bbox 512 853 638 920; x_wconf 89' lang='lat' dir='ltr'>Romuli</span> <span class='ocrx_word' id='word_1_45' title='bbox 825 853 865 917; x_wconf 89' lang='lat'>10</span> <span class='ocrx_word' id='word_1_46' title='bbox 878 883 931 930; x_wconf 64' lang='lat' dir='ltr'>a„</span> <span class='ocrx_word' id='word_1_47' title='bbox 947 883 981 929; x_wconf 55' lang='grc' dir='ltr'>,ῖς</span> <span class='ocrx_word' id='word_1_48' title='bbox 996 891 1047 929; x_wconf 65' lang='lat' dir='ltr'>,m</span> <span class='ocrx_word' id='word_1_49' title='bbox 1060 882 1152 928; x_wconf 72' lang='lat' dir='ltr'>uarum</span> <span class='ocrx_word' id='word_1_50' title='bbox 1168 896 1210 942; x_wconf 58' lang='lat' dir='ltr'>per</span> <span class='ocrx_word' id='word_1_51' title='bbox 1225 882 1290 941; x_wconf 51' lang='grc' dir='ltr'><strong>ιη..</strong></span> 
     </span>
     <span class='ocr_line' id='line_1_8' title="bbox 93 936 1289 1024; baseline 0.007 -22"><span class='ocrx_word' id='word_1_52' title='bbox 93 936 333 1023; x_wconf 83' lang='lat' dir='ltr'>Praescriptum,</span> <span class='ocrx_word' id='word_1_53' title='bbox 347 951 379 1004; x_wconf 90' lang='lat' dir='ltr'>et</span> <span class='ocrx_word' id='word_1_54' title='bbox 392 940 507 1006; x_wconf 86' lang='lat' dir='ltr'>intonsi</span> <span class='ocrx_word' id='word_1_55' title='bbox 522 939 651 1007; x_wconf 86' lang='lat' dir='ltr'>Catonis</span> <span class='ocrx_word' id='word_1_56' title='bbox 877 948 972 1024; x_wconf 60' lang='lat' dir='ltr'>aqmuu</span> <span class='ocrx_word' id='word_1_57' title='bbox 993 957 1021 1024; x_wconf 61' lang='lat' dir='ltr'>es</span> <span class='ocrx_word' id='word_1_58' title='bbox 1033 947 1129 1023; x_wconf 51' lang='lat' dir='ltr'>ceam.</span> <span class='ocrx_word' id='word_1_59' title='bbox 1144 946 1231 1023; x_wconf 67' lang='lat' dir='ltr'>cums,</span> <span class='ocrx_word' id='word_1_60' title='bbox 1253 947 1289 1021; x_wconf 64' lang='lat'>*5¹</span> 
     </span>
     <span class='ocr_line' id='line_1_9' title="bbox 139 1012 1287 1111; baseline 0.008 -23"><span class='ocrx_word' id='word_1_61' title='bbox 139 1023 312 1110; x_wconf 76' lang='lat' dir='ltr'>Auspiciis,</span> <span class='ocrx_word' id='word_1_62' title='bbox 325 1039 523 1111; x_wconf 80' lang='lat' dir='ltr'>veterumque</span> <span class='ocrx_word' id='word_1_63' title='bbox 538 1028 657 1093; x_wconf 75' lang='lat' dir='ltr'>normd.</span> <span class='ocrx_word' id='word_1_64' title='bbox 875 1027 1004 1073; x_wconf 64' lang='lat'>9⁰⁸⁰⁰¹¹¹¹¹¹</span> <span class='ocrx_word' id='word_1_65' title='bbox 1014 1020 1129 1059; x_wconf 41' lang='grc' dir='ltr'>’ΜΝ</span> <span class='ocrx_word' id='word_1_66' title='bbox 1163 1012 1287 1060; x_wconf 49' lang='lat' dir='ltr'>Bm*</span> 
     </span>
     <span class='ocr_line' id='line_1_10' title="bbox 53 1107 612 1191; baseline 0.005 -16"><span class='ocrx_word' id='word_1_67' title='bbox 53 1107 203 1176; x_wconf 78' lang='lat' dir='ltr'>Privatus</span> <span class='ocrx_word' id='word_1_68' title='bbox 217 1109 280 1176; x_wconf 88' lang='lat' dir='ltr'>illis</span> <span class='ocrx_word' id='word_1_69' title='bbox 294 1132 406 1177; x_wconf 89' lang='lat' dir='ltr'>census</span> <span class='ocrx_word' id='word_1_70' title='bbox 419 1125 487 1178; x_wconf 86' lang='lat' dir='ltr'>erat</span> <span class='ocrx_word' id='word_1_71' title='bbox 500 1113 612 1191; x_wconf 81' lang='lat' dir='ltr'>brevis,</span> 
     </span>
    </p>
   </div>
   <div class='ocr_carea' id='block_1_6' title="bbox 874 1077 1177 1137">
    <p class='ocr_par' dir='ltr' id='par_1_6' title="bbox 874 1077 1177 1137">
     <span class='ocr_line' id='line_1_11' title="bbox 874 1077 1177 1137; baseline 0.003 -14"><span class='ocrx_word' id='word_1_72' title='bbox 874 1077 938 1125; x_wconf 86' lang='lat' dir='ltr'>liaris</span> <span class='ocrx_word' id='word_1_73' title='bbox 948 1079 1029 1125; x_wconf 82' lang='lat' dir='ltr'>ederat</span> <span class='ocrx_word' id='word_1_74' title='bbox 1039 1078 1073 1124; x_wconf 91' lang='lat' dir='ltr'>eis</span> <span class='ocrx_word' id='word_1_75' title='bbox 1083 1077 1177 1137; x_wconf 78' lang='lat' dir='ltr'>exigua,</span> 
     </span>
    </p>
   </div>
   <div class='ocr_carea' id='block_1_7' title="bbox 532 1313 798 1364">
    <p class='ocr_par' dir='ltr' id='par_1_7' title="bbox 532 1313 798 1364">
     <span class='ocr_line' id='line_1_12' title="bbox 532 1313 798 1364; baseline -0.011 -1"><span class='ocrx_word' id='word_1_76' title='bbox 532 1313 798 1364; x_wconf 75' lang='lat' dir='ltr'>ANNOTATIONES.</span> 
     </span>
    </p>
   </div>
   <div class='ocr_carea' id='block_1_8' title="bbox 50 1450 1298 4699">
    <p class='ocr_par' dir='ltr' id='par_1_8' title="bbox 50 1450 1298 4699">
     <span class='ocr_line' id='line_1_13' title="bbox 52 1450 1289 1516; baseline 0.001 -19"><span class='ocrx_word' id='word_1_77' title='bbox 52 1450 146 1498; x_wconf 73' lang='lat' dir='ltr'>Platani</span> <span class='ocrx_word' id='word_1_78' title='bbox 157 1451 218 1497; x_wconf 80' lang='lat' dir='ltr'>solia</span> <span class='ocrx_word' id='word_1_79' title='bbox 233 1451 356 1508; x_wconf 84' lang='lat' dir='ltr'>latissima,</span> <span class='ocrx_word' id='word_1_80' title='bbox 373 1455 526 1515; x_wconf 78' lang='lat' dir='ltr'>umbramque</span> <span class='ocrx_word' id='word_1_81' title='bbox 543 1470 658 1516; x_wconf 81' lang='lat' dir='ltr'>peramoe·</span> <span class='ocrx_word' id='word_1_82' title='bbox 690 1453 757 1499; x_wconf 84' lang='lat' dir='ltr'>olivis</span> <span class='ocrx_word' id='word_1_83' title='bbox 768 1453 857 1500; x_wconf 80' lang='lat' dir='ltr'>consita</span> <span class='ocrx_word' id='word_1_84' title='bbox 867 1455 963 1500; x_wconf 84' lang='lat' dir='ltr'>uberem</span> <span class='ocrx_word' id='word_1_85' title='bbox 974 1451 1069 1499; x_wconf 89' lang='lat' dir='ltr'>domino</span> <span class='ocrx_word' id='word_1_86' title='bbox 1079 1459 1217 1513; x_wconf 79' lang='lat' dir='ltr'>proventum</span> <span class='ocrx_word' id='word_1_87' title='bbox 1232 1451 1289 1498; x_wconf 79' lang='lat' dir='ltr'>sffe-</span> 
     </span>
     <span class='ocr_line' id='line_1_14' title="bbox 52 1517 781 1580; baseline 0.001 -17"><span class='ocrx_word' id='word_1_88' title='bbox 52 1531 106 1563; x_wconf 85' lang='lat' dir='ltr'>uam</span> <span class='ocrx_word' id='word_1_89' title='bbox 122 1517 183 1564; x_wconf 82' lang='lat' dir='ltr'>alibi</span> <span class='ocrx_word' id='word_1_90' title='bbox 202 1524 277 1563; x_wconf 88' lang='lat' dir='ltr'>notat.</span> <span class='ocrx_word' id='word_1_91' title='bbox 310 1517 371 1564; x_wconf 88' lang='lat' dir='ltr'>Vide</span> <span class='ocrx_word' id='word_1_92' title='bbox 384 1519 447 1580; x_wconf 83' lang='lat' dir='ltr'>apud</span> <span class='ocrx_word' id='word_1_93' title='bbox 459 1519 571 1567; x_wconf 86' lang='lat' dir='ltr'>Herodot.</span> <span class='ocrx_word' id='word_1_94' title='bbox 583 1521 657 1568; x_wconf 71' lang='lat' dir='ltr'>lius</span> <span class='ocrx_word' id='word_1_95' title='bbox 690 1520 781 1566; x_wconf 82' lang='lat' dir='ltr'>rebant</span> 
     </span>
     <span class='ocr_line' id='line_1_15' title="bbox 52 1578 1287 1647; baseline 0.001 -20"><span class='ocrx_word' id='word_1_96' title='bbox 52 1580 157 1628; x_wconf 79' lang='lat' dir='ltr'>Xerxem</span> <span class='ocrx_word' id='word_1_97' title='bbox 169 1597 227 1628; x_wconf 85' lang='lat' dir='ltr'>cum</span> <span class='ocrx_word' id='word_1_98' title='bbox 238 1583 329 1642; x_wconf 75' lang='lat' dir='ltr'>ingenti</span> <span class='ocrx_word' id='word_1_99' title='bbox 341 1584 481 1630; x_wconf 78' lang='lat' dir='ltr'>exercituin</span> <span class='ocrx_word' id='word_1_100' title='bbox 493 1585 594 1646; x_wconf 82' lang='lat' dir='ltr'>Lydiam</span> <span class='ocrx_word' id='word_1_101' title='bbox 604 1601 657 1647; x_wconf 92' lang='lat' dir='ltr'>per·</span> <span class='ocrx_word' id='word_1_102' title='bbox 722 1585 745 1632; x_wconf 88' lang='grc'>9.</span> <span class='ocrx_word' id='word_1_103' title='bbox 765 1584 823 1631; x_wconf 79' lang='lat' dir='ltr'>Tum</span> <span class='ocrx_word' id='word_1_104' title='bbox 833 1585 906 1644; x_wconf 80' lang='lat' dir='ltr'>spisso</span> <span class='ocrx_word' id='word_1_105' title='bbox 919 1584 989 1629; x_wconf 77' lang='lat' dir='ltr'>ramis</span> <span class='ocrx_word' id='word_1_106' title='bbox 999 1583 1078 1629; x_wconf 79' lang='lat' dir='ltr'>laureo</span> <span class='ocrx_word' id='word_1_107' title='bbox 1087 1578 1190 1643; x_wconf 77' lang='lat' dir='ltr'>fervidos</span> <span class='ocrx_word' id='word_1_108' title='bbox 1201 1582 1287 1628; x_wconf 72' lang='lat' dir='ltr'>Excla-</span> 
     </span>
     <span class='ocr_line' id='line_1_16' title="bbox 51 1646 1286 1713; baseline -0.001 -20"><span class='ocrx_word' id='word_1_109' title='bbox 51 1657 147 1706; x_wconf 70' lang='lat' dir='ltr'>gentem</span> <span class='ocrx_word' id='word_1_110' title='bbox 157 1647 253 1709; x_wconf 80' lang='lat' dir='ltr'>platani</span> <span class='ocrx_word' id='word_1_111' title='bbox 265 1648 427 1708; x_wconf 74' lang='lat' dir='ltr'>pulcherrimae</span> <span class='ocrx_word' id='word_1_112' title='bbox 439 1649 593 1697; x_wconf 88' lang='lat' dir='ltr'>admiratione</span> <span class='ocrx_word' id='word_1_113' title='bbox 604 1667 659 1713; x_wconf 88' lang='lat' dir='ltr'>cap·</span> <span class='ocrx_word' id='word_1_114' title='bbox 690 1649 729 1696; x_wconf 80' lang='lat' dir='ltr'>det</span> <span class='ocrx_word' id='word_1_115' title='bbox 744 1646 824 1708; x_wconf 72' lang='lat' dir='ltr'>ictus]</span> <span class='ocrx_word' id='word_1_116' title='bbox 859 1649 981 1708; x_wconf 85' lang='lat' dir='ltr'>Seuqubd</span> <span class='ocrx_word' id='word_1_117' title='bbox 996 1648 1108 1694; x_wconf 82' lang='lat' dir='ltr'>adversbs</span> <span class='ocrx_word' id='word_1_118' title='bbox 1120 1647 1209 1693; x_wconf 84' lang='lat' dir='ltr'>fulmen</span> <span class='ocrx_word' id='word_1_119' title='bbox 1225 1649 1286 1707; x_wconf 84' lang='lat' dir='ltr'>ejus-</span> 
     </span>
     <span class='ocr_line' id='line_1_17' title="bbox 52 1711 1288 1774; baseline 0.001 -16"><span class='ocrx_word' id='word_1_120' title='bbox 52 1713 187 1768; x_wconf 84' lang='lat' dir='ltr'>turn,circa</span> <span class='ocrx_word' id='word_1_121' title='bbox 198 1711 384 1768; x_wconf 81' lang='lat' dir='ltr'>illamstantem,</span> <span class='ocrx_word' id='word_1_122' title='bbox 394 1729 467 1760; x_wconf 87' lang='lat' dir='ltr'>aureo</span> <span class='ocrx_word' id='word_1_123' title='bbox 477 1716 558 1761; x_wconf 90' lang='lat' dir='ltr'>monili</span> <span class='ocrx_word' id='word_1_124' title='bbox 568 1716 658 1762; x_wconf 88' lang='lat' dir='ltr'>donan-</span> <span class='ocrx_word' id='word_1_125' title='bbox 690 1728 736 1772; x_wconf 90' lang='lat' dir='ltr'>que</span> <span class='ocrx_word' id='word_1_126' title='bbox 759 1714 846 1774; x_wconf 78' lang='lat' dir='ltr'>ignitos</span> <span class='ocrx_word' id='word_1_127' title='bbox 868 1714 928 1760; x_wconf 88' lang='lat' dir='ltr'>ictus</span> <span class='ocrx_word' id='word_1_128' title='bbox 948 1714 1025 1759; x_wconf 83' lang='lat' dir='ltr'>valere</span> <span class='ocrx_word' id='word_1_129' title='bbox 1047 1713 1128 1759; x_wconf 88' lang='lat' dir='ltr'>laurus</span> <span class='ocrx_word' id='word_1_130' title='bbox 1146 1712 1237 1758; x_wconf 88' lang='lat' dir='ltr'>dicatur</span> <span class='ocrx_word' id='word_1_131' title='bbox 1258 1727 1288 1759; x_wconf 83' lang='lat' dir='ltr'>ex</span> 
     </span>
     <span class='ocr_line' id='line_1_18' title="bbox 52 1776 1288 1839; baseline 0 -16"><span class='ocrx_word' id='word_1_132' title='bbox 52 1785 106 1832; x_wconf 80' lang='lat' dir='ltr'>tem,</span> <span class='ocrx_word' id='word_1_133' title='bbox 123 1778 177 1837; x_wconf 83' lang='lat' dir='ltr'>ejus</span> <span class='ocrx_word' id='word_1_134' title='bbox 188 1777 294 1837; x_wconf 91' lang='lat' dir='ltr'>denique</span> <span class='ocrx_word' id='word_1_135' title='bbox 305 1792 384 1824; x_wconf 89' lang='lat' dir='ltr'>curam</span> <span class='ocrx_word' id='word_1_136' title='bbox 395 1779 445 1825; x_wconf 85' lang='lat' dir='ltr'>riro</span> <span class='ocrx_word' id='word_1_137' title='bbox 456 1779 582 1827; x_wconf 87' lang='lat' dir='ltr'>immortali</span> <span class='ocrx_word' id='word_1_138' title='bbox 593 1796 657 1828; x_wconf 91' lang='lat' dir='ltr'>com·</span> <span class='ocrx_word' id='word_1_139' title='bbox 690 1778 774 1834; x_wconf 86' lang='lat' dir='ltr'>Plinio,</span> <span class='ocrx_word' id='word_1_140' title='bbox 791 1779 831 1825; x_wconf 87' lang='lat' dir='ltr'>lib.</span> <span class='ocrx_word' id='word_1_141' title='bbox 850 1778 886 1826; x_wconf 83' lang='lat'>15.</span> <span class='ocrx_word' id='word_1_142' title='bbox 904 1794 953 1839; x_wconf 88' lang='lat' dir='ltr'>cap.</span> <span class='ocrx_word' id='word_1_143' title='bbox 971 1778 1061 1824; x_wconf 89' lang='lat' dir='ltr'>ultimo.</span> <span class='ocrx_word' id='word_1_144' title='bbox 1095 1780 1191 1824; x_wconf 81' lang='lat' dir='ltr'>Sueten.</span> <span class='ocrx_word' id='word_1_145' title='bbox 1210 1776 1288 1823; x_wconf 74' lang='lat' dir='ltr'>liber.</span> 
     </span>
     <span class='ocr_line' id='line_1_19' title="bbox 51 1842 1289 1905; baseline 0.002 -18"><span class='ocrx_word' id='word_1_146' title='bbox 51 1842 197 1888; x_wconf 80' lang='lat' dir='ltr'>mittentem.</span> <span class='ocrx_word' id='word_1_147' title='bbox 213 1842 658 1905; x_wconf 81' lang='lat' dir='ltr'>Decemerantnempcmilliavirorum</span> <span class='ocrx_word' id='word_1_148' title='bbox 689 1843 790 1905; x_wconf 70' lang='lat' dir='ltr'>cap-69,</span> <span class='ocrx_word' id='word_1_149' title='bbox 803 1845 844 1890; x_wconf 77' lang='lat' dir='ltr'>dre.</span> <span class='ocrx_word' id='word_1_150' title='bbox 878 1843 931 1889; x_wconf 79' lang='lat' dir='ltr'>Sive</span> <span class='ocrx_word' id='word_1_151' title='bbox 945 1844 1008 1902; x_wconf 84' lang='lat' dir='ltr'>qubd</span> <span class='ocrx_word' id='word_1_152' title='bbox 1024 1852 1074 1889; x_wconf 90' lang='lat' dir='ltr'>arte</span> <span class='ocrx_word' id='word_1_153' title='bbox 1089 1843 1192 1902; x_wconf 78' lang='lat' dir='ltr'>quddam</span> <span class='ocrx_word' id='word_1_154' title='bbox 1208 1843 1289 1889; x_wconf 87' lang='lat' dir='ltr'>laurus</span> 
     </span>
     <span class='ocr_line' id='line_1_20' title="bbox 51 1907 1289 1970; baseline 0.001 -16"><span class='ocrx_word' id='word_1_155' title='bbox 51 1907 195 1954; x_wconf 79' lang='lat' dir='ltr'>selectorum</span> <span class='ocrx_word' id='word_1_156' title='bbox 213 1912 227 1954; x_wconf 72' lang='lat' dir='ltr'>e</span> <span class='ocrx_word' id='word_1_157' title='bbox 245 1907 339 1954; x_wconf 76' lang='lat' dir='ltr'>Persicd</span> <span class='ocrx_word' id='word_1_158' title='bbox 354 1908 447 1966; x_wconf 81' lang='lat' dir='ltr'>militis,</span> <span class='ocrx_word' id='word_1_159' title='bbox 463 1910 504 1969; x_wconf 91' lang='lat' dir='ltr'>qui</span> <span class='ocrx_word' id='word_1_160' title='bbox 519 1911 658 1957; x_wconf 80' lang='lat' dir='ltr'>dicebantur</span> <span class='ocrx_word' id='word_1_161' title='bbox 689 1910 753 1970; x_wconf 88' lang='lat' dir='ltr'>apud</span> <span class='ocrx_word' id='word_1_162' title='bbox 773 1909 891 1954; x_wconf 87' lang='lat' dir='ltr'>Romanos</span> <span class='ocrx_word' id='word_1_163' title='bbox 911 1908 982 1954; x_wconf 84' lang='lat' dir='ltr'>veluti</span> <span class='ocrx_word' id='word_1_164' title='bbox 1000 1908 1144 1963; x_wconf 87' lang='lat' dir='ltr'>silvescebat,</span> <span class='ocrx_word' id='word_1_165' title='bbox 1164 1922 1289 1967; x_wconf 86' lang='lat' dir='ltr'>ramosque</span> 
     </span>
     <span class='ocr_line' id='line_1_21' title="bbox 53 1970 1289 2033; baseline 0.001 -15"><span class='ocrx_word' id='word_1_166' title='bbox 53 1970 215 2019; x_wconf 71' lang='lat' dir='ltr'>mmortales:</span> <span class='ocrx_word' id='word_1_167' title='bbox 238 1973 351 2032; x_wconf 84' lang='lat' dir='ltr'>quonism</span> <span class='ocrx_word' id='word_1_168' title='bbox 370 1989 417 2020; x_wconf 85' lang='lat' dir='ltr'>mro</span> <span class='ocrx_word' id='word_1_169' title='bbox 433 1975 555 2032; x_wconf 89' lang='lat' dir='ltr'>moriente,</span> <span class='ocrx_word' id='word_1_170' title='bbox 578 1977 658 2023; x_wconf 88' lang='lat' dir='ltr'>statim</span> <span class='ocrx_word' id='word_1_171' title='bbox 690 1982 738 2020; x_wconf 88' lang='lat' dir='ltr'>tam</span> <span class='ocrx_word' id='word_1_172' title='bbox 756 1974 804 2020; x_wconf 75' lang='lat' dir='ltr'>alte</span> <span class='ocrx_word' id='word_1_173' title='bbox 822 1974 915 2033; x_wconf 73' lang='lat' dir='ltr'>lateque</span> <span class='ocrx_word' id='word_1_174' title='bbox 932 1973 1081 2026; x_wconf 85' lang='lat' dir='ltr'>extendebat,</span> <span class='ocrx_word' id='word_1_175' title='bbox 1102 1980 1128 2017; x_wconf 85' lang='lat' dir='ltr'>ut</span> <span class='ocrx_word' id='word_1_176' title='bbox 1147 1972 1245 2033; x_wconf 79' lang='lat' dir='ltr'>opimam</span> <span class='ocrx_word' id='word_1_177' title='bbox 1264 1979 1289 2019; x_wconf 93' lang='lat' dir='ltr'>et</span> 
     </span>
     <span class='ocr_line' id='line_1_22' title="bbox 51 2036 1289 2100; baseline 0.001 -18"><span class='ocrx_word' id='word_1_178' title='bbox 51 2038 111 2083; x_wconf 81' lang='lat' dir='ltr'>alter</span> <span class='ocrx_word' id='word_1_179' title='bbox 127 2036 326 2093; x_wconf 84' lang='lat' dir='ltr'>substituebatur,</span> <span class='ocrx_word' id='word_1_180' title='bbox 343 2047 370 2085; x_wconf 89' lang='lat' dir='ltr'>ut</span> <span class='ocrx_word' id='word_1_181' title='bbox 380 2040 508 2100; x_wconf 86' lang='lat' dir='ltr'>completus</span> <span class='ocrx_word' id='word_1_182' title='bbox 518 2048 579 2087; x_wconf 89' lang='lat' dir='ltr'>esset</span> <span class='ocrx_word' id='word_1_183' title='bbox 594 2056 657 2087; x_wconf 85' lang='lat' dir='ltr'>sem-</span> <span class='ocrx_word' id='word_1_184' title='bbox 689 2053 787 2099; x_wconf 81' lang='lat' dir='ltr'>opacam</span> <span class='ocrx_word' id='word_1_185' title='bbox 795 2040 902 2084; x_wconf 81' lang='lat' dir='ltr'>umbram</span> <span class='ocrx_word' id='word_1_186' title='bbox 929 2046 1058 2091; x_wconf 74' lang='lat' dir='ltr'>retexeret,</span> <span class='ocrx_word' id='word_1_187' title='bbox 1067 2037 1173 2096; x_wconf 91' lang='lat' dir='ltr'>Solisque</span> <span class='ocrx_word' id='word_1_188' title='bbox 1181 2038 1289 2083; x_wconf 86' lang='lat' dir='ltr'>ardorem</span> 
     </span>
     <span class='ocr_line' id='line_1_23' title="bbox 53 2101 1289 2164; baseline -0.001 -15"><span class='ocrx_word' id='word_1_189' title='bbox 53 2102 280 2162; x_wconf 74' lang='lat' dir='ltr'>perilltoumerua</span> <span class='ocrx_word' id='word_1_190' title='bbox 299 2103 391 2149; x_wconf 85' lang='lat' dir='ltr'>Horum</span> <span class='ocrx_word' id='word_1_191' title='bbox 399 2104 658 2162; x_wconf 65' lang='lat' dir='ltr'>memithCurtius,</span> <span class='ocrx_word' id='word_1_192' title='bbox 689 2112 786 2159; x_wconf 88' lang='lat' dir='ltr'>arceret,</span> <span class='ocrx_word' id='word_1_193' title='bbox 795 2105 896 2164; x_wconf 81' lang='lat' dir='ltr'>ictusque</span> <span class='ocrx_word' id='word_1_194' title='bbox 914 2104 1001 2150; x_wconf 82' lang='lat' dir='ltr'>eroidos</span> <span class='ocrx_word' id='word_1_195' title='bbox 1007 2120 1016 2155; x_wconf 92' lang='lat'>,·</span> <span class='ocrx_word' id='word_1_196' title='bbox 1028 2101 1068 2161; x_wconf 88' lang='lat' dir='ltr'>qui</span> <span class='ocrx_word' id='word_1_197' title='bbox 1079 2101 1187 2148; x_wconf 88' lang='lat' dir='ltr'>Lucretio</span> <span class='ocrx_word' id='word_1_198' title='bbox 1195 2104 1289 2149; x_wconf 81' lang='lat' dir='ltr'>verbero</span> 
     </span>
     <span class='ocr_line' id='line_1_24' title="bbox 54 2166 1289 2228; baseline 0 -16"><span class='ocrx_word' id='word_1_199' title='bbox 54 2166 97 2213; x_wconf 82' lang='lat' dir='ltr'>bb.</span> <span class='ocrx_word' id='word_1_200' title='bbox 114 2166 138 2213; x_wconf 78' lang='grc'><strong>3.</strong></span> <span class='ocrx_word' id='word_1_201' title='bbox 178 2167 253 2213; x_wconf 81' lang='lat' dir='ltr'>l‘orrb</span> <span class='ocrx_word' id='word_1_202' title='bbox 272 2168 393 2228; x_wconf 87' lang='lat' dir='ltr'>platanum</span> <span class='ocrx_word' id='word_1_203' title='bbox 413 2184 510 2216; x_wconf 83' lang='lat' dir='ltr'>auream</span> <span class='ocrx_word' id='word_1_204' title='bbox 529 2170 573 2216; x_wconf 87' lang='lat' dir='ltr'>sibi</span> <span class='ocrx_word' id='word_1_205' title='bbox 590 2171 657 2218; x_wconf 81' lang='lat' dir='ltr'>luridi</span> <span class='ocrx_word' id='word_1_206' title='bbox 690 2169 750 2215; x_wconf 80' lang='lat' dir='ltr'>Solis</span> <span class='ocrx_word' id='word_1_207' title='bbox 770 2176 943 2228; x_wconf 83' lang='lat' dir='ltr'>nuncupantur.</span> <span class='ocrx_word' id='word_1_208' title='bbox 983 2168 1084 2227; x_wconf 68' lang='grc' dir='ltr'>δρίηαηι</span> <span class='ocrx_word' id='word_1_209' title='bbox 1104 2182 1198 2226; x_wconf 89' lang='lat' dir='ltr'>quoque</span> <span class='ocrx_word' id='word_1_210' title='bbox 1219 2170 1289 2213; x_wconf 80' lang='lat' dir='ltr'>ramis</span> 
     </span>
     <span class='ocr_line' id='line_1_25' title="bbox 50 2230 1289 2297; baseline 0.001 -20"><span class='ocrx_word' id='word_1_211' title='bbox 50 2231 126 2291; x_wconf 76' lang='lat' dir='ltr'>jussit</span> <span class='ocrx_word' id='word_1_212' title='bbox 142 2230 241 2289; x_wconf 77' lang='lat' dir='ltr'>Xerxes,</span> <span class='ocrx_word' id='word_1_213' title='bbox 259 2248 311 2292; x_wconf 78' lang='lat' dir='ltr'>qua·</span> <span class='ocrx_word' id='word_1_214' title='bbox 327 2237 399 2293; x_wconf 84' lang='lat' dir='ltr'>suprd</span> <span class='ocrx_word' id='word_1_215' title='bbox 414 2243 568 2282; x_wconf 83' lang='lat' dir='ltr'>memoratam</span> <span class='ocrx_word' id='word_1_216' title='bbox 578 2236 657 2297; x_wconf 83' lang='lat' dir='ltr'>expri·</span> <span class='ocrx_word' id='word_1_217' title='bbox 689 2235 791 2281; x_wconf 80' lang='lat' dir='ltr'>lauream</span> <span class='ocrx_word' id='word_1_218' title='bbox 807 2233 912 2280; x_wconf 78' lang='lat' dir='ltr'>referunt</span> <span class='ocrx_word' id='word_1_219' title='bbox 925 2232 999 2292; x_wconf 80' lang='lat' dir='ltr'>aliqui</span> <span class='ocrx_word' id='word_1_220' title='bbox 1009 2234 1039 2278; x_wconf 89' lang='lat' dir='ltr'>ad</span> <span class='ocrx_word' id='word_1_221' title='bbox 1050 2232 1129 2278; x_wconf 87' lang='lat' dir='ltr'>hortos</span> <span class='ocrx_word' id='word_1_222' title='bbox 1140 2232 1216 2292; x_wconf 86' lang='lat' dir='ltr'>operis</span> <span class='ocrx_word' id='word_1_223' title='bbox 1227 2232 1289 2293; x_wconf 90' lang='lat' dir='ltr'>topi·</span> 
     </span>
     <span class='ocr_line' id='line_1_26' title="bbox 55 2297 1288 2361; baseline 0 -18"><span class='ocrx_word' id='word_1_224' title='bbox 55 2306 140 2351; x_wconf 71' lang='lat' dir='ltr'>mmet,</span> <span class='ocrx_word' id='word_1_225' title='bbox 160 2299 261 2357; x_wconf 86' lang='lat' dir='ltr'>ejusque</span> <span class='ocrx_word' id='word_1_226' title='bbox 279 2297 364 2345; x_wconf 90' lang='lat' dir='ltr'>leniret</span> <span class='ocrx_word' id='word_1_227' title='bbox 380 2298 530 2356; x_wconf 86' lang='lat' dir='ltr'>desiderium,</span> <span class='ocrx_word' id='word_1_228' title='bbox 547 2308 571 2346; x_wconf 90' lang='lat' dir='ltr'>et</span> <span class='ocrx_word' id='word_1_229' title='bbox 586 2301 658 2361; x_wconf 70' lang='lat' dir='ltr'>regie</span> <span class='ocrx_word' id='word_1_230' title='bbox 689 2298 740 2344; x_wconf 89' lang='lat' dir='ltr'>arii.</span> <span class='ocrx_word' id='word_1_231' title='bbox 775 2298 811 2345; x_wconf 87' lang='lat' dir='ltr'>De</span> <span class='ocrx_word' id='word_1_232' title='bbox 829 2299 915 2357; x_wconf 88' lang='lat' dir='ltr'>quibus</span> <span class='ocrx_word' id='word_1_233' title='bbox 936 2297 1044 2343; x_wconf 91' lang='lat' dir='ltr'>omnibus</span> <span class='ocrx_word' id='word_1_234' title='bbox 1061 2297 1121 2343; x_wconf 86' lang='lat' dir='ltr'>Plin.</span> <span class='ocrx_word' id='word_1_235' title='bbox 1139 2297 1210 2344; x_wconf 88' lang='lat' dir='ltr'>citato</span> <span class='ocrx_word' id='word_1_236' title='bbox 1230 2297 1288 2344; x_wconf 91' lang='lat' dir='ltr'>loco.</span> 
     </span>
     <span class='ocr_line' id='line_1_27' title="bbox 54 2361 1288 2424; baseline 0.001 -16"><span class='ocrx_word' id='word_1_237' title='bbox 54 2361 141 2408; x_wconf 77' lang='lat' dir='ltr'>mentis</span> <span class='ocrx_word' id='word_1_238' title='bbox 151 2365 183 2408; x_wconf 87' lang='lat' dir='ltr'>ob</span> <span class='ocrx_word' id='word_1_239' title='bbox 193 2365 245 2423; x_wconf 56' lang='lat' dir='ltr'>qus</span> <span class='ocrx_word' id='word_1_240' title='bbox 256 2364 386 2410; x_wconf 52' lang='lat' dir='ltr'>&amp;sentiam</span> <span class='ocrx_word' id='word_1_241' title='bbox 396 2365 565 2411; x_wconf 70' lang='lat' dir='ltr'>maturationem.</span> <span class='ocrx_word' id='word_1_242' title='bbox 599 2366 657 2412; x_wconf 80' lang='lat' dir='ltr'>Crat.</span> <span class='ocrx_word' id='word_1_243' title='bbox 690 2363 783 2410; x_wconf 84' lang='lat' dir='ltr'>Launrs</span> <span class='ocrx_word' id='word_1_244' title='bbox 799 2377 883 2424; x_wconf 86' lang='lat' dir='ltr'>nempe</span> <span class='ocrx_word' id='word_1_245' title='bbox 896 2362 983 2422; x_wconf 86' lang='lat' dir='ltr'>aliique</span> <span class='ocrx_word' id='word_1_246' title='bbox 994 2362 1088 2408; x_wconf 78' lang='lat' dir='ltr'>frutices</span> <span class='ocrx_word' id='word_1_247' title='bbox 1104 2362 1220 2422; x_wconf 75' lang='lat' dir='ltr'>gradatim</span> <span class='ocrx_word' id='word_1_248' title='bbox 1237 2378 1288 2409; x_wconf 90' lang='lat' dir='ltr'>mo-</span> 
     </span>
     <span class='ocr_line' id='line_1_28' title="bbox 55 2426 1287 2491; baseline 0.001 -19"><span class='ocrx_word' id='word_1_249' title='bbox 55 2426 159 2487; x_wconf 73' lang='lat' dir='ltr'>llbodig.</span> <span class='ocrx_word' id='word_1_250' title='bbox 175 2426 219 2474; x_wconf 86' lang='lat' dir='ltr'>lib.</span> <span class='ocrx_word' id='word_1_251' title='bbox 230 2429 270 2474; x_wconf 76' lang='lat'>2⁶.</span> <span class='ocrx_word' id='word_1_252' title='bbox 282 2442 331 2488; x_wconf 81' lang='lat' dir='ltr'>cap.</span> <span class='ocrx_word' id='word_1_253' title='bbox 344 2426 366 2475; x_wconf 91' lang='lat' dir='ltr'>l.</span> <span class='ocrx_word' id='word_1_254' title='bbox 400 2428 460 2475; x_wconf 83' lang='lat' dir='ltr'>Vide</span> <span class='ocrx_word' id='word_1_255' title='bbox 474 2434 546 2491; x_wconf 73' lang='lat' dir='ltr'>supra</span> <span class='ocrx_word' id='word_1_256' title='bbox 562 2431 606 2477; x_wconf 91' lang='lat' dir='ltr'>Od.</span> <span class='ocrx_word' id='word_1_257' title='bbox 620 2430 658 2478; x_wconf 77' lang='grc'>14.</span> <span class='ocrx_word' id='word_1_258' title='bbox 691 2427 992 2484; x_wconf 81' lang='lat' dir='ltr'>dicisinteroallisinfleeti,</span> <span class='ocrx_word' id='word_1_259' title='bbox 1003 2427 1151 2487; x_wconf 87' lang='lat' dir='ltr'>annectique,</span> <span class='ocrx_word' id='word_1_260' title='bbox 1162 2428 1287 2475; x_wconf 87' lang='lat' dir='ltr'>etcaucel·</span> 
     </span>
     <span class='ocr_line' id='line_1_29' title="bbox 53 2492 1168 2556; baseline 0 -18"><span class='ocrx_word' id='word_1_261' title='bbox 53 2495 97 2538; x_wconf 70' lang='lat' dir='ltr'>aab</span> <span class='ocrx_word' id='word_1_262' title='bbox 116 2492 201 2539; x_wconf 66' lang='lat' dir='ltr'>finem</span> <span class='ocrx_word' id='word_1_263' title='bbox 235 2493 323 2539; x_wconf 80' lang='lat' dir='ltr'>Aunot.</span> <span class='ocrx_word' id='word_1_264' title='bbox 343 2493 374 2539; x_wconf 84' lang='lat' dir='ltr'>ad</span> <span class='ocrx_word' id='word_1_265' title='bbox 391 2508 419 2540; x_wconf 82' lang='lat' dir='ltr'>ea</span> <span class='ocrx_word' id='word_1_266' title='bbox 435 2497 513 2552; x_wconf 83' lang='lat' dir='ltr'>verba,</span> <span class='ocrx_word' id='word_1_267' title='bbox 530 2511 588 2556; x_wconf 82' lang='lat' dir='ltr'>quos</span> <span class='ocrx_word' id='word_1_268' title='bbox 603 2498 659 2544; x_wconf 81' lang='lat' dir='ltr'>colis</span> <span class='ocrx_word' id='word_1_269' title='bbox 690 2493 756 2540; x_wconf 89' lang='lat' dir='ltr'>latim</span> <span class='ocrx_word' id='word_1_270' title='bbox 767 2494 832 2554; x_wconf 82' lang='lat' dir='ltr'>pingi</span> <span class='ocrx_word' id='word_1_271' title='bbox 844 2500 947 2554; x_wconf 87' lang='lat' dir='ltr'>possunt,</span> <span class='ocrx_word' id='word_1_272' title='bbox 959 2492 1037 2552; x_wconf 91' lang='lat' dir='ltr'>inquit</span> <span class='ocrx_word' id='word_1_273' title='bbox 1047 2493 1085 2539; x_wconf 89' lang='lat' dir='ltr'>hic</span> <span class='ocrx_word' id='word_1_274' title='bbox 1097 2493 1168 2553; x_wconf 88' lang='lat' dir='ltr'>Cruq.</span> 
     </span>
     <span class='ocr_line' id='line_1_30' title="bbox 52 2555 1287 2619; baseline 0.001 -17"><span class='ocrx_word' id='word_1_275' title='bbox 52 2558 169 2603; x_wconf 68' lang='lat' dir='ltr'>arbam</span> <span class='ocrx_word' id='word_1_276' title='bbox 724 2557 761 2605; x_wconf 83' lang='lat'>1⁰.</span> <span class='ocrx_word' id='word_1_277' title='bbox 773 2559 1149 2619; x_wconf 77' lang='lat' dir='ltr'>NonitoRomuliPraescr-iptom,</span> <span class='ocrx_word' id='word_1_278' title='bbox 1161 2555 1212 2619; x_wconf 68' lang='lat' dir='ltr'>dfe]</span> <span class='ocrx_word' id='word_1_279' title='bbox 1234 2557 1287 2604; x_wconf 87' lang='lat' dir='ltr'>Non</span> 
     </span>
     <span class='ocr_line' id='line_1_31' title="bbox 83 2617 1291 2686; baseline 0 -18"><span class='ocrx_word' id='word_1_280' title='bbox 83 2623 206 2669; x_wconf 71' lang='lat' dir='ltr'>Plutum</span> <span class='ocrx_word' id='word_1_281' title='bbox 223 2617 325 2683; x_wconf 69' lang='lat' dir='ltr'>calam]</span> <span class='ocrx_word' id='word_1_282' title='bbox 360 2621 461 2670; x_wconf 84' lang='lat' dir='ltr'>Martial.</span> <span class='ocrx_word' id='word_1_283' title='bbox 482 2624 523 2670; x_wconf 88' lang='lat' dir='ltr'>lib.</span> <span class='ocrx_word' id='word_1_284' title='bbox 542 2624 565 2671; x_wconf 81' lang='grc'>3.</span> <span class='ocrx_word' id='word_1_285' title='bbox 599 2625 658 2686; x_wconf 82' lang='lat' dir='ltr'>Epi.</span> <span class='ocrx_word' id='word_1_286' title='bbox 689 2622 723 2669; x_wconf 83' lang='lat' dir='ltr'>ita</span> <span class='ocrx_word' id='word_1_287' title='bbox 730 2625 830 2684; x_wconf 84' lang='lat' dir='ltr'>majores</span> <span class='ocrx_word' id='word_1_288' title='bbox 839 2623 925 2670; x_wconf 87' lang='lat' dir='ltr'>nostri:</span> <span class='ocrx_word' id='word_1_289' title='bbox 937 2638 980 2669; x_wconf 87' lang='lat' dir='ltr'>nec</span> <span class='ocrx_word' id='word_1_290' title='bbox 988 2623 1033 2670; x_wconf 84' lang='lat' dir='ltr'>ista</span> <span class='ocrx_word' id='word_1_291' title='bbox 1040 2625 1188 2682; x_wconf 78' lang='lat' dir='ltr'>grassabatur</span> <span class='ocrx_word' id='word_1_292' title='bbox 1196 2623 1291 2669; x_wconf 82' lang='lat' dir='ltr'>luxuria</span> 
     </span>
     <span class='ocr_line' id='line_1_32' title="bbox 51 2687 1290 2749; baseline 0.002 -17"><span class='ocrx_word' id='word_1_293' title='bbox 51 2701 128 2746; x_wconf 74' lang='lat' dir='ltr'>grum</span> <span class='ocrx_word' id='word_1_294' title='bbox 141 2687 184 2741; x_wconf 73' lang='lat'>57.</span> <span class='ocrx_word' id='word_1_295' title='bbox 196 2687 414 2749; x_wconf 80' lang='lat' dir='ltr'>oidsoasappellst:</span> <span class='ocrx_word' id='word_1_296' title='bbox 430 2689 536 2749; x_wconf 70' lang='lat' dir='ltr'>intellige</span> <span class='ocrx_word' id='word_1_297' title='bbox 547 2690 658 2748; x_wconf 89' lang='lat' dir='ltr'>sterilem,</span> <span class='ocrx_word' id='word_1_298' title='bbox 691 2689 834 2748; x_wconf 73' lang='lat' dir='ltr'>temporibus</span> <span class='ocrx_word' id='word_1_299' title='bbox 852 2689 950 2744; x_wconf 81' lang='lat' dir='ltr'>Romuli,</span> <span class='ocrx_word' id='word_1_300' title='bbox 967 2689 1007 2748; x_wconf 91' lang='lat' dir='ltr'>qui</span> <span class='ocrx_word' id='word_1_301' title='bbox 1024 2688 1122 2748; x_wconf 75' lang='lat' dir='ltr'>singulis</span> <span class='ocrx_word' id='word_1_302' title='bbox 1136 2688 1225 2734; x_wconf 76' lang='lat' dir='ltr'>cir-ibus</span> <span class='ocrx_word' id='word_1_303' title='bbox 1242 2689 1290 2734; x_wconf 91' lang='lat' dir='ltr'>duo</span> 
     </span>
     <span class='ocr_line' id='line_1_33' title="bbox 52 2751 1290 2814; baseline 0.002 -18"><span class='ocrx_word' id='word_1_304' title='bbox 52 2753 91 2798; x_wconf 81' lang='lat' dir='ltr'>rel</span> <span class='ocrx_word' id='word_1_305' title='bbox 107 2766 159 2798; x_wconf 86' lang='lat' dir='ltr'>non</span> <span class='ocrx_word' id='word_1_306' title='bbox 176 2751 274 2808; x_wconf 76' lang='lat' dir='ltr'>ritibus,</span> <span class='ocrx_word' id='word_1_307' title='bbox 293 2761 320 2799; x_wconf 91' lang='lat' dir='ltr'>ut</span> <span class='ocrx_word' id='word_1_308' title='bbox 335 2754 394 2799; x_wconf 87' lang='lat' dir='ltr'>solet</span> <span class='ocrx_word' id='word_1_309' title='bbox 411 2754 496 2809; x_wconf 75' lang='lat' dir='ltr'>mmm,</span> <span class='ocrx_word' id='word_1_310' title='bbox 517 2755 657 2803; x_wconf 73' lang='lat' dir='ltr'>mantalam.</span> <span class='ocrx_word' id='word_1_311' title='bbox 690 2756 784 2800; x_wconf 78' lang='lat' dir='ltr'>tantum</span> <span class='ocrx_word' id='word_1_312' title='bbox 806 2753 856 2813; x_wconf 78' lang='lat' dir='ltr'>agri</span> <span class='ocrx_word' id='word_1_313' title='bbox 876 2755 961 2814; x_wconf 76' lang='lat' dir='ltr'>jugera</span> <span class='ocrx_word' id='word_1_314' title='bbox 980 2753 1112 2799; x_wconf 83' lang='lat' dir='ltr'>distribuit:</span> <span class='ocrx_word' id='word_1_315' title='bbox 1136 2761 1177 2799; x_wconf 88' lang='lat' dir='ltr'>aut</span> <span class='ocrx_word' id='word_1_316' title='bbox 1198 2754 1290 2799; x_wconf 69' lang='lat' dir='ltr'>Ceteris</span> 
     </span>
     <span class='ocr_line' id='line_1_34' title="bbox 52 2815 1289 2878; baseline 0.002 -16"><span class='ocrx_word' id='word_1_317' title='bbox 52 2817 115 2864; x_wconf 76' lang='lat' dir='ltr'>l&#39;ide</span> <span class='ocrx_word' id='word_1_318' title='bbox 131 2815 196 2863; x_wconf 87' lang='lat' dir='ltr'>Pliu.</span> <span class='ocrx_word' id='word_1_319' title='bbox 213 2816 254 2862; x_wconf 89' lang='lat' dir='ltr'>lib.</span> <span class='ocrx_word' id='word_1_320' title='bbox 271 2815 309 2864; x_wconf 82' lang='lat' dir='ltr'>ld.</span> <span class='ocrx_word' id='word_1_321' title='bbox 325 2832 375 2878; x_wconf 87' lang='lat' dir='ltr'>cap.</span> <span class='ocrx_word' id='word_1_322' title='bbox 395 2817 432 2874; x_wconf 84' lang='grc'>17.</span> <span class='ocrx_word' id='word_1_323' title='bbox 466 2821 547 2866; x_wconf 85' lang='lat' dir='ltr'>Senec.</span> <span class='ocrx_word' id='word_1_324' title='bbox 565 2820 617 2867; x_wconf 84' lang='lat' dir='ltr'>Lib.</span> <span class='ocrx_word' id='word_1_325' title='bbox 634 2823 657 2868; x_wconf 81' lang='lat'>5.</span> <span class='ocrx_word' id='word_1_326' title='bbox 691 2818 805 2874; x_wconf 88' lang='lat' dir='ltr'>Censorii,</span> <span class='ocrx_word' id='word_1_327' title='bbox 827 2818 911 2865; x_wconf 83' lang='lat' dir='ltr'>Portiae</span> <span class='ocrx_word' id='word_1_328' title='bbox 930 2817 1024 2865; x_wconf 74' lang='lat' dir='ltr'>familia</span> <span class='ocrx_word' id='word_1_329' title='bbox 1046 2817 1167 2878; x_wconf 86' lang='lat' dir='ltr'>principis,</span> <span class='ocrx_word' id='word_1_330' title='bbox 1190 2818 1289 2864; x_wconf 79' lang='lat' dir='ltr'>luxuriae</span> 
     </span>
     <span class='ocr_line' id='line_1_35' title="bbox 53 2881 1289 2943; baseline -0.001 -14"><span class='ocrx_word' id='word_1_331' title='bbox 53 2883 132 2943; x_wconf 77' lang='lat' dir='ltr'>Epist.</span> <span class='ocrx_word' id='word_1_332' title='bbox 144 2881 169 2928; x_wconf 82' lang='grc'>6.</span> <span class='ocrx_word' id='word_1_333' title='bbox 689 2883 763 2929; x_wconf 83' lang='lat' dir='ltr'>hostia</span> <span class='ocrx_word' id='word_1_334' title='bbox 775 2882 925 2930; x_wconf 78' lang='lat' dir='ltr'>infensissimi</span> <span class='ocrx_word' id='word_1_335' title='bbox 935 2900 940 2927; x_wconf 91' lang='lat'>:</span> <span class='ocrx_word' id='word_1_336' title='bbox 952 2882 993 2943; x_wconf 91' lang='lat' dir='ltr'>qui</span> <span class='ocrx_word' id='word_1_337' title='bbox 1003 2883 1065 2937; x_wconf 88' lang='lat' dir='ltr'>Dux,</span> <span class='ocrx_word' id='word_1_338' title='bbox 1077 2884 1169 2937; x_wconf 78' lang='lat' dir='ltr'>Orator,</span> <span class='ocrx_word' id='word_1_339' title='bbox 1180 2898 1206 2929; x_wconf 89' lang='lat' dir='ltr'>ac</span> <span class='ocrx_word' id='word_1_340' title='bbox 1216 2883 1289 2929; x_wconf 87' lang='lat' dir='ltr'>Serm-</span> 
     </span>
     <span class='ocr_line' id='line_1_36' title="bbox 84 2943 1289 3010; baseline -0.001 -16"><span class='ocrx_word' id='word_1_341' title='bbox 84 2947 110 2994; x_wconf 79' lang='lat'>5.</span> <span class='ocrx_word' id='word_1_342' title='bbox 129 2947 229 2993; x_wconf 62' lang='lat' dir='ltr'>&amp;ism</span> <span class='ocrx_word' id='word_1_343' title='bbox 245 2943 336 3008; x_wconf 72' lang='lat' dir='ltr'>almos]</span> <span class='ocrx_word' id='word_1_344' title='bbox 371 2946 487 3007; x_wconf 80' lang='lat' dir='ltr'>Expellet,</span> <span class='ocrx_word' id='word_1_345' title='bbox 505 2949 572 3009; x_wconf 89' lang='lat' dir='ltr'>quasi</span> <span class='ocrx_word' id='word_1_346' title='bbox 584 2950 659 2998; x_wconf 90' lang='lat' dir='ltr'>dimo-</span> <span class='ocrx_word' id='word_1_347' title='bbox 691 2957 728 2995; x_wconf 91' lang='lat' dir='ltr'>tor</span> <span class='ocrx_word' id='word_1_348' title='bbox 738 2948 870 3010; x_wconf 82' lang='lat' dir='ltr'>praeclarus,</span> <span class='ocrx_word' id='word_1_349' title='bbox 882 2947 1014 3008; x_wconf 76' lang='lat' dir='ltr'>frugalitate</span> <span class='ocrx_word' id='word_1_350' title='bbox 1025 2955 1049 2993; x_wconf 90' lang='lat' dir='ltr'>et</span> <span class='ocrx_word' id='word_1_351' title='bbox 1059 2947 1205 2994; x_wconf 74' lang='lat' dir='ltr'>continentiis</span> <span class='ocrx_word' id='word_1_352' title='bbox 1220 2948 1289 3006; x_wconf 75' lang='lat' dir='ltr'>longe</span> 
     </span>
     <span class='ocr_line' id='line_1_37' title="bbox 50 3011 1290 3074; baseline -0.001 -17"><span class='ocrx_word' id='word_1_353' title='bbox 50 3011 120 3058; x_wconf 70' lang='lat' dir='ltr'>sebit</span> <span class='ocrx_word' id='word_1_354' title='bbox 130 3012 193 3066; x_wconf 85' lang='lat' dir='ltr'>loeo,</span> <span class='ocrx_word' id='word_1_355' title='bbox 203 3026 331 3072; x_wconf 83' lang='lat' dir='ltr'>earumque</span> <span class='ocrx_word' id='word_1_356' title='bbox 342 3013 457 3072; x_wconf 85' lang='lat' dir='ltr'>plantaria</span> <span class='ocrx_word' id='word_1_357' title='bbox 465 3015 594 3073; x_wconf 82' lang='lat' dir='ltr'>occupabit.</span> <span class='ocrx_word' id='word_1_358' title='bbox 691 3013 782 3070; x_wconf 87' lang='lat' dir='ltr'>clarior,</span> <span class='ocrx_word' id='word_1_359' title='bbox 800 3021 883 3074; x_wconf 78' lang='lat' dir='ltr'>quater</span> <span class='ocrx_word' id='word_1_360' title='bbox 893 3022 917 3059; x_wconf 88' lang='lat' dir='ltr'>et</span> <span class='ocrx_word' id='word_1_361' title='bbox 927 3012 1067 3072; x_wconf 78' lang='lat' dir='ltr'>quadragies</span> <span class='ocrx_word' id='word_1_362' title='bbox 1077 3020 1205 3067; x_wconf 87' lang='lat' dir='ltr'>accusatus,</span> <span class='ocrx_word' id='word_1_363' title='bbox 1222 3013 1290 3058; x_wconf 79' lang='lat' dir='ltr'>toties</span> 
     </span>
     <span class='ocr_line' id='line_1_38' title="bbox 90 3072 1289 3138; baseline 0.001 -16"><span class='ocrx_word' id='word_1_364' title='bbox 90 3076 152 3123; x_wconf 73' lang='lat' dir='ltr'>Tuas</span> <span class='ocrx_word' id='word_1_365' title='bbox 161 3077 266 3132; x_wconf 74' lang='lat' dir='ltr'>sido-io,</span> <span class='ocrx_word' id='word_1_366' title='bbox 280 3072 333 3138; x_wconf 66' lang='lat' dir='ltr'>dc]</span> <span class='ocrx_word' id='word_1_367' title='bbox 368 3076 480 3125; x_wconf 87' lang='lat' dir='ltr'>Similiter</span> <span class='ocrx_word' id='word_1_368' title='bbox 490 3086 514 3125; x_wconf 92' lang='lat' dir='ltr'>et</span> <span class='ocrx_word' id='word_1_369' title='bbox 523 3079 592 3126; x_wconf 85' lang='lat' dir='ltr'>flores</span> <span class='ocrx_word' id='word_1_370' title='bbox 602 3081 659 3127; x_wconf 91' lang='lat' dir='ltr'>odo·</span> <span class='ocrx_word' id='word_1_371' title='bbox 691 3086 728 3125; x_wconf 87' lang='lat' dir='ltr'>est</span> <span class='ocrx_word' id='word_1_372' title='bbox 743 3079 869 3125; x_wconf 78' lang='lat' dir='ltr'>absolutus.</span> <span class='ocrx_word' id='word_1_373' title='bbox 903 3078 1020 3124; x_wconf 86' lang='lat' dir='ltr'>Plutarch.</span> <span class='ocrx_word' id='word_1_374' title='bbox 1038 3078 1062 3123; x_wconf 94' lang='lat' dir='ltr'>in</span> <span class='ocrx_word' id='word_1_375' title='bbox 1074 3078 1124 3137; x_wconf 85' lang='lat' dir='ltr'>ejus</span> <span class='ocrx_word' id='word_1_376' title='bbox 1140 3077 1195 3122; x_wconf 78' lang='lat' dir='ltr'>vita</span> <span class='ocrx_word' id='word_1_377' title='bbox 1229 3078 1289 3123; x_wconf 90' lang='lat' dir='ltr'>Plin.</span> 
     </span>
     <span class='ocr_line' id='line_1_39' title="bbox 51 3140 1272 3205; baseline 0 -18"><span class='ocrx_word' id='word_1_378' title='bbox 51 3140 323 3188; x_wconf 81' lang='lat' dir='ltr'>ril&#39;eriextermiuabunt</span> <span class='ocrx_word' id='word_1_379' title='bbox 329 3141 458 3190; x_wconf 76' lang='lat' dir='ltr'>unctuosa</span> <span class='ocrx_word' id='word_1_380' title='bbox 465 3145 567 3200; x_wconf 84' lang='lat' dir='ltr'>arbores,</span> <span class='ocrx_word' id='word_1_381' title='bbox 575 3145 659 3205; x_wconf 88' lang='lat' dir='ltr'>bisque</span> <span class='ocrx_word' id='word_1_382' title='bbox 691 3144 731 3190; x_wconf 91' lang='lat' dir='ltr'>lib.</span> <span class='ocrx_word' id='word_1_383' title='bbox 742 3143 766 3198; x_wconf 94' lang='grc'>7.</span> <span class='ocrx_word' id='word_1_384' title='bbox 777 3159 827 3204; x_wconf 85' lang='lat' dir='ltr'>cop.</span> <span class='ocrx_word' id='word_1_385' title='bbox 838 3143 878 3198; x_wconf 78' lang='lat'>27.</span> <span class='ocrx_word' id='word_1_386' title='bbox 904 3143 980 3189; x_wconf 88' lang='lat' dir='ltr'>Valer.</span> <span class='ocrx_word' id='word_1_387' title='bbox 994 3142 1091 3189; x_wconf 83' lang='lat' dir='ltr'>Maxim.</span> <span class='ocrx_word' id='word_1_388' title='bbox 1103 3143 1141 3188; x_wconf 88' lang='lat' dir='ltr'>lib.</span> <span class='ocrx_word' id='word_1_389' title='bbox 1154 3142 1176 3188; x_wconf 87' lang='grc'>3.</span> <span class='ocrx_word' id='word_1_390' title='bbox 1189 3157 1238 3202; x_wconf 88' lang='lat' dir='ltr'>cup.</span> <span class='ocrx_word' id='word_1_391' title='bbox 1251 3141 1272 3196; x_wconf 91' lang='grc'>7.</span> 
     </span>
     <span class='ocr_line' id='line_1_40' title="bbox 51 3204 1290 3268; baseline 0.001 -17"><span class='ocrx_word' id='word_1_392' title='bbox 51 3205 176 3265; x_wconf 74' lang='lat' dir='ltr'>neglectis</span> <span class='ocrx_word' id='word_1_393' title='bbox 187 3215 210 3251; x_wconf 85' lang='lat' dir='ltr'>et</span> <span class='ocrx_word' id='word_1_394' title='bbox 225 3207 311 3265; x_wconf 73' lang='lat' dir='ltr'>eiectis,</span> <span class='ocrx_word' id='word_1_395' title='bbox 327 3208 470 3254; x_wconf 82' lang='lat' dir='ltr'>excolentur.</span> <span class='ocrx_word' id='word_1_396' title='bbox 504 3209 607 3260; x_wconf 80' lang='lat' dir='ltr'>Quidam</span> <span class='ocrx_word' id='word_1_397' title='bbox 625 3212 658 3257; x_wconf 87' lang='lat' dir='ltr'>le·</span> <span class='ocrx_word' id='word_1_398' title='bbox 726 3207 762 3256; x_wconf 93' lang='lat' dir='ltr'>ll.</span> <span class='ocrx_word' id='word_1_399' title='bbox 783 3204 890 3268; x_wconf 72' lang='lat' dir='ltr'>[ortatui]</span> <span class='ocrx_word' id='word_1_400' title='bbox 925 3207 1044 3254; x_wconf 87' lang='lat' dir='ltr'>Nimirum</span> <span class='ocrx_word' id='word_1_401' title='bbox 1063 3207 1163 3254; x_wconf 80' lang='lat' dir='ltr'>Romani</span> <span class='ocrx_word' id='word_1_402' title='bbox 1182 3208 1218 3253; x_wconf 86' lang='lat' dir='ltr'>usi</span> <span class='ocrx_word' id='word_1_403' title='bbox 1237 3217 1290 3254; x_wconf 89' lang='lat' dir='ltr'>ton-</span> 
     </span>
     <span class='ocr_line' id='line_1_41' title="bbox 51 3272 1291 3334; baseline 0.001 -18"><span class='ocrx_word' id='word_1_404' title='bbox 51 3280 126 3332; x_wconf 71' lang='lat' dir='ltr'>gmst,</span> <span class='ocrx_word' id='word_1_405' title='bbox 137 3277 269 3333; x_wconf 61' lang='lat' dir='ltr'>myrtoque</span> <span class='ocrx_word' id='word_1_406' title='bbox 278 3279 302 3320; x_wconf 87' lang='lat' dir='ltr'>et</span> <span class='ocrx_word' id='word_1_407' title='bbox 312 3275 390 3327; x_wconf 71' lang='lat' dir='ltr'>amab,</span> <span class='ocrx_word' id='word_1_408' title='bbox 401 3274 439 3334; x_wconf 62' lang='lat' dir='ltr'>dc.</span> <span class='ocrx_word' id='word_1_409' title='bbox 451 3280 478 3318; x_wconf 92' lang='lat' dir='ltr'>ut</span> <span class='ocrx_word' id='word_1_410' title='bbox 491 3274 559 3320; x_wconf 89' lang='lat' dir='ltr'>metri</span> <span class='ocrx_word' id='word_1_411' title='bbox 570 3283 660 3322; x_wconf 87' lang='lat' dir='ltr'>constet</span> <span class='ocrx_word' id='word_1_412' title='bbox 691 3273 782 3320; x_wconf 82' lang='lat' dir='ltr'>roribus</span> <span class='ocrx_word' id='word_1_413' title='bbox 798 3289 860 3320; x_wconf 88' lang='lat' dir='ltr'>anno</span> <span class='ocrx_word' id='word_1_414' title='bbox 876 3276 905 3320; x_wconf 85' lang='lat' dir='ltr'>ab</span> <span class='ocrx_word' id='word_1_415' title='bbox 917 3275 974 3319; x_wconf 90' lang='lat' dir='ltr'>urbe</span> <span class='ocrx_word' id='word_1_416' title='bbox 985 3272 1079 3320; x_wconf 67' lang='lat' dir='ltr'>conditis</span> <span class='ocrx_word' id='word_1_417' title='bbox 1091 3272 1145 3319; x_wconf 74' lang='lat' dir='ltr'>cst.</span> <span class='ocrx_word' id='word_1_418' title='bbox 1157 3280 1225 3318; x_wconf 77' lang='lat' dir='ltr'>anteo</span> <span class='ocrx_word' id='word_1_419' title='bbox 1236 3275 1291 3318; x_wconf 84' lang='lat' dir='ltr'>verb</span> 
     </span>
     <span class='ocr_line' id='line_1_42' title="bbox 52 3334 1289 3399; baseline 0 -16"><span class='ocrx_word' id='word_1_420' title='bbox 52 3336 125 3383; x_wconf 76' lang='lat' dir='ltr'>ratio.</span> <span class='ocrx_word' id='word_1_421' title='bbox 160 3334 302 3382; x_wconf 80' lang='lat' dir='ltr'>Aliivolrmt</span> <span class='ocrx_word' id='word_1_422' title='bbox 320 3337 358 3382; x_wconf 88' lang='lat' dir='ltr'>bic</span> <span class='ocrx_word' id='word_1_423' title='bbox 374 3345 460 3399; x_wconf 70' lang='lat' dir='ltr'>myrtus</span> <span class='ocrx_word' id='word_1_424' title='bbox 469 3339 588 3396; x_wconf 60' lang='lat' dir='ltr'>ddeclin.</span> <span class='ocrx_word' id='word_1_425' title='bbox 601 3355 659 3398; x_wconf 83' lang='lat' dir='ltr'>esse,</span> <span class='ocrx_word' id='word_1_426' title='bbox 690 3340 774 3385; x_wconf 80' lang='lat' dir='ltr'>intonsi</span> <span class='ocrx_word' id='word_1_427' title='bbox 783 3336 868 3399; x_wconf 85' lang='lat' dir='ltr'>suere:</span> <span class='ocrx_word' id='word_1_428' title='bbox 885 3340 948 3398; x_wconf 89' lang='lat' dir='ltr'>quod</span> <span class='ocrx_word' id='word_1_429' title='bbox 965 3354 994 3385; x_wconf 81' lang='lat' dir='ltr'>ex</span> <span class='ocrx_word' id='word_1_430' title='bbox 1010 3339 1114 3383; x_wconf 81' lang='lat' dir='ltr'>Varrone</span> <span class='ocrx_word' id='word_1_431' title='bbox 1131 3338 1213 3383; x_wconf 83' lang='lat' dir='ltr'>asserit</span> <span class='ocrx_word' id='word_1_432' title='bbox 1230 3337 1289 3383; x_wconf 87' lang='lat' dir='ltr'>Plin.</span> 
     </span>
     <span class='ocr_line' id='line_1_43' title="bbox 52 3402 1290 3464; baseline 0.001 -17"><span class='ocrx_word' id='word_1_433' title='bbox 52 3409 77 3447; x_wconf 83' lang='lat' dir='ltr'>et</span> <span class='ocrx_word' id='word_1_434' title='bbox 94 3416 162 3448; x_wconf 89' lang='lat' dir='ltr'>num.</span> <span class='ocrx_word' id='word_1_435' title='bbox 186 3402 271 3463; x_wconf 77' lang='lat' dir='ltr'>plural.</span> <span class='ocrx_word' id='word_1_436' title='bbox 293 3403 399 3461; x_wconf 81' lang='lat' dir='ltr'>adeoque</span> <span class='ocrx_word' id='word_1_437' title='bbox 417 3403 523 3449; x_wconf 84' lang='lat' dir='ltr'>ultimam</span> <span class='ocrx_word' id='word_1_438' title='bbox 545 3405 659 3464; x_wconf 76' lang='lat' dir='ltr'>syllabam</span> <span class='ocrx_word' id='word_1_439' title='bbox 691 3403 731 3450; x_wconf 83' lang='lat' dir='ltr'>lib.</span> <span class='ocrx_word' id='word_1_440' title='bbox 750 3403 773 3458; x_wconf 87' lang='grc'>7.</span> <span class='ocrx_word' id='word_1_441' title='bbox 791 3419 841 3464; x_wconf 84' lang='lat' dir='ltr'>cap.</span> <span class='ocrx_word' id='word_1_442' title='bbox 861 3404 900 3450; x_wconf 84' lang='lat'>59.</span> <span class='ocrx_word' id='word_1_443' title='bbox 934 3403 994 3450; x_wconf 82' lang='lat' dir='ltr'>Vide</span> <span class='ocrx_word' id='word_1_444' title='bbox 1013 3403 1073 3449; x_wconf 90' lang='lat' dir='ltr'>Gell.</span> <span class='ocrx_word' id='word_1_445' title='bbox 1095 3403 1134 3447; x_wconf 90' lang='lat' dir='ltr'>lib.</span> <span class='ocrx_word' id='word_1_446' title='bbox 1154 3402 1176 3448; x_wconf 67' lang='lat' dir='ltr'>{i</span> <span class='ocrx_word' id='word_1_447' title='bbox 1196 3418 1245 3464; x_wconf 86' lang='lat' dir='ltr'>cap.</span> <span class='ocrx_word' id='word_1_448' title='bbox 1267 3402 1290 3448; x_wconf 77' lang='grc'>4.</span> 
     </span>
     <span class='ocr_line' id='line_1_44' title="bbox 52 3466 1290 3528; baseline 0.002 -17"><span class='ocrx_word' id='word_1_449' title='bbox 52 3466 162 3527; x_wconf 82' lang='lat' dir='ltr'>produci.</span> <span class='ocrx_word' id='word_1_450' title='bbox 193 3466 253 3512; x_wconf 88' lang='lat' dir='ltr'>l&#39;liu.</span> <span class='ocrx_word' id='word_1_451' title='bbox 265 3467 305 3512; x_wconf 89' lang='lat' dir='ltr'>lib.</span> <span class='ocrx_word' id='word_1_452' title='bbox 317 3467 356 3514; x_wconf 80' lang='lat'>21.</span> <span class='ocrx_word' id='word_1_453' title='bbox 368 3467 465 3528; x_wconf 82' lang='lat' dir='ltr'>capll.</span> <span class='ocrx_word' id='word_1_454' title='bbox 478 3469 505 3514; x_wconf 81' lang='lat' dir='ltr'>In</span> <span class='ocrx_word' id='word_1_455' title='bbox 516 3469 661 3517; x_wconf 81' lang='lat' dir='ltr'>Italidoiolir</span> <span class='ocrx_word' id='word_1_456' title='bbox 693 3469 764 3519; x_wconf 79' lang='lat' dir='ltr'>Qubd</span> <span class='ocrx_word' id='word_1_457' title='bbox 772 3469 792 3514; x_wconf 82' lang='lat' dir='ltr'>si</span> <span class='ocrx_word' id='word_1_458' title='bbox 800 3470 913 3515; x_wconf 88' lang='lat' dir='ltr'>Catonem</span> <span class='ocrx_word' id='word_1_459' title='bbox 922 3468 1052 3526; x_wconf 85' lang='lat' dir='ltr'>intelligere</span> <span class='ocrx_word' id='word_1_460' title='bbox 1061 3467 1194 3513; x_wconf 83' lang='lat' dir='ltr'>Uticensem</span> <span class='ocrx_word' id='word_1_461' title='bbox 1204 3469 1290 3528; x_wconf 86' lang='lat' dir='ltr'>placet:</span> 
     </span>
     <span class='ocr_line' id='line_1_45' title="bbox 54 3531 1291 3592; baseline 0.002 -15"><span class='ocrx_word' id='word_1_462' title='bbox 54 3533 159 3577; x_wconf 67' lang='lat' dir='ltr'>accedit</span> <span class='ocrx_word' id='word_1_463' title='bbox 176 3547 248 3578; x_wconf 77' lang='lat' dir='ltr'>roso.-</span> <span class='ocrx_word' id='word_1_464' title='bbox 269 3533 322 3579; x_wconf 73' lang='lat' dir='ltr'>buit</span> <span class='ocrx_word' id='word_1_465' title='bbox 338 3535 457 3580; x_wconf 80' lang='lat' dir='ltr'>intervenit</span> <span class='ocrx_word' id='word_1_466' title='bbox 473 3534 564 3580; x_wconf 73' lang='lat' dir='ltr'>titium:</span> <span class='ocrx_word' id='word_1_467' title='bbox 587 3551 661 3582; x_wconf 81' lang='lat' dir='ltr'>roseus</span> <span class='ocrx_word' id='word_1_468' title='bbox 692 3533 731 3580; x_wconf 89' lang='lat' dir='ltr'>hic</span> <span class='ocrx_word' id='word_1_469' title='bbox 748 3534 819 3580; x_wconf 88' lang='lat' dir='ltr'>etiarn</span> <span class='ocrx_word' id='word_1_470' title='bbox 837 3534 951 3587; x_wconf 85' lang='lat' dir='ltr'>intonsus,</span> <span class='ocrx_word' id='word_1_471' title='bbox 968 3533 1023 3592; x_wconf 86' lang='lat' dir='ltr'>quia</span> <span class='ocrx_word' id='word_1_472' title='bbox 1039 3547 1068 3577; x_wconf 80' lang='lat' dir='ltr'>ex</span> <span class='ocrx_word' id='word_1_473' title='bbox 1080 3547 1127 3592; x_wconf 91' lang='lat' dir='ltr'>quo</span> <span class='ocrx_word' id='word_1_474' title='bbox 1137 3531 1215 3579; x_wconf 84' lang='lat' dir='ltr'>civilia</span> <span class='ocrx_word' id='word_1_475' title='bbox 1230 3533 1291 3579; x_wconf 86' lang='lat' dir='ltr'>bella</span> 
     </span>
     <span class='ocr_line' id='line_1_46' title="bbox 52 3597 1290 3660; baseline 0.002 -17"><span class='ocrx_word' id='word_1_476' title='bbox 52 3599 357 3659; x_wconf 55' lang='lat' dir='ltr'>mmmmmdcyonum</span> <span class='ocrx_word' id='word_1_477' title='bbox 367 3605 506 3645; x_wconf 66' lang='lat' dir='ltr'>ammentu-</span> <span class='ocrx_word' id='word_1_478' title='bbox 537 3600 572 3646; x_wconf 88' lang='lat' dir='ltr'>De</span> <span class='ocrx_word' id='word_1_479' title='bbox 583 3609 661 3660; x_wconf 85' lang='lat' dir='ltr'>myrto</span> <span class='ocrx_word' id='word_1_480' title='bbox 692 3613 808 3653; x_wconf 73' lang='lat' dir='ltr'>exarsere,</span> <span class='ocrx_word' id='word_1_481' title='bbox 834 3599 925 3644; x_wconf 89' lang='lat' dir='ltr'>tonderi</span> <span class='ocrx_word' id='word_1_482' title='bbox 947 3612 1068 3657; x_wconf 85' lang='lat' dir='ltr'>nunquam</span> <span class='ocrx_word' id='word_1_483' title='bbox 1090 3597 1175 3644; x_wconf 85' lang='lat' dir='ltr'>voluit:</span> <span class='ocrx_word' id='word_1_484' title='bbox 1202 3598 1290 3645; x_wconf 84' lang='lat' dir='ltr'>Lucan.</span> 
     </span>
     <span class='ocr_line' id='line_1_47' title="bbox 53 3661 783 3722; baseline 0.004 -17"><span class='ocrx_word' id='word_1_485' title='bbox 53 3662 126 3722; x_wconf 80' lang='lat' dir='ltr'>plura</span> <span class='ocrx_word' id='word_1_486' title='bbox 136 3662 176 3706; x_wconf 76' lang='lat' dir='ltr'>lib</span> <span class='ocrx_word' id='word_1_487' title='bbox 192 3661 212 3707; x_wconf 92' lang='lat' dir='ltr'>l.</span> <span class='ocrx_word' id='word_1_488' title='bbox 223 3663 344 3716; x_wconf 69' lang='lat' dir='ltr'>annomri,</span> <span class='ocrx_word' id='word_1_489' title='bbox 355 3664 386 3708; x_wconf 88' lang='lat' dir='ltr'>ad</span> <span class='ocrx_word' id='word_1_490' title='bbox 396 3664 440 3708; x_wconf 89' lang='lat' dir='ltr'>Od.</span> <span class='ocrx_word' id='word_1_491' title='bbox 453 3663 492 3710; x_wconf 89' lang='grc'><strong>38.</strong></span> <span class='ocrx_word' id='word_1_492' title='bbox 503 3679 525 3709; x_wconf 80' lang='lat' dir='ltr'>r.</span> <span class='ocrx_word' id='word_1_493' title='bbox 537 3665 559 3710; x_wconf 77' lang='grc'>5,</span> <span class='ocrx_word' id='word_1_494' title='bbox 693 3665 715 3710; x_wconf 77' lang='lat'>2</span> <span class='ocrx_word' id='word_1_495' title='bbox 727 3662 783 3718; x_wconf 78' lang='lat'>372.</span> 
     </span>
     <span class='ocr_line' id='line_1_48' title="bbox 87 3723 1208 3788; baseline 0.003 -16"><span class='ocrx_word' id='word_1_496' title='bbox 87 3725 112 3772; x_wconf 73' lang='lat' dir='ltr'>dt</span> <span class='ocrx_word' id='word_1_497' title='bbox 126 3724 398 3788; x_wconf 62' lang='lat' dir='ltr'>Onairoopionmium]</span> <span class='ocrx_word' id='word_1_498' title='bbox 416 3729 659 3776; x_wconf 81' lang='lat' dir='ltr'>Abundantisflorum</span> <span class='ocrx_word' id='word_1_499' title='bbox 692 3729 736 3775; x_wconf 86' lang='lat' dir='ltr'>Ille</span> <span class='ocrx_word' id='word_1_500' title='bbox 747 3745 786 3775; x_wconf 80' lang='lat' dir='ltr'>nec</span> <span class='ocrx_word' id='word_1_501' title='bbox 797 3723 930 3788; x_wconf 63' lang='lat' dir='ltr'>horriferum</span> <span class='ocrx_word' id='word_1_502' title='bbox 941 3733 1019 3775; x_wconf 81' lang='lat' dir='ltr'>sancto</span> <span class='ocrx_word' id='word_1_503' title='bbox 1029 3729 1120 3775; x_wconf 85' lang='lat' dir='ltr'>dimovit</span> <span class='ocrx_word' id='word_1_504' title='bbox 1131 3729 1160 3774; x_wconf 86' lang='lat' dir='ltr'>ab</span> <span class='ocrx_word' id='word_1_505' title='bbox 1171 3744 1208 3775; x_wconf 85' lang='lat' dir='ltr'>ore</span> 
     </span>
     <span class='ocr_line' id='line_1_49' title="bbox 54 3791 1222 3855; baseline 0.003 -18"><span class='ocrx_word' id='word_1_506' title='bbox 54 3799 79 3837; x_wconf 86' lang='lat' dir='ltr'>et</span> <span class='ocrx_word' id='word_1_507' title='bbox 93 3791 204 3847; x_wconf 63' lang='lat' dir='ltr'>odorum</span> <span class='ocrx_word' id='word_1_508' title='bbox 220 3792 262 3851; x_wconf 89' lang='lat' dir='ltr'>qui</span> <span class='ocrx_word' id='word_1_509' title='bbox 279 3800 335 3839; x_wconf 85' lang='lat' dir='ltr'>sunt</span> <span class='ocrx_word' id='word_1_510' title='bbox 352 3794 461 3839; x_wconf 76' lang='lat' dir='ltr'>odoratus</span> <span class='ocrx_word' id='word_1_511' title='bbox 478 3808 533 3854; x_wconf 89' lang='lat' dir='ltr'>opes</span> <span class='ocrx_word' id='word_1_512' title='bbox 550 3794 616 3853; x_wconf 79' lang='lat' dir='ltr'>quasi</span> <span class='ocrx_word' id='word_1_513' title='bbox 633 3809 660 3841; x_wconf 89' lang='lat' dir='ltr'>ac</span> <span class='ocrx_word' id='word_1_514' title='bbox 694 3794 822 3848; x_wconf 78' lang='lat' dir='ltr'>Caeooriem,</span> <span class='ocrx_word' id='word_1_515' title='bbox 833 3795 934 3853; x_wconf 83' lang='lat' dir='ltr'>duroque</span> <span class='ocrx_word' id='word_1_516' title='bbox 944 3795 1036 3839; x_wconf 80' lang='lat' dir='ltr'>admisit</span> <span class='ocrx_word' id='word_1_517' title='bbox 1043 3795 1132 3855; x_wconf 81' lang='lat' dir='ltr'>gaudio</span> <span class='ocrx_word' id='word_1_518' title='bbox 1142 3795 1222 3840; x_wconf 70' lang='lat' dir='ltr'>talto.-</span> 
     </span>
     <span class='ocr_line' id='line_1_50' title="bbox 55 3855 1170 3919; baseline 0.004 -18"><span class='ocrx_word' id='word_1_519' title='bbox 55 3855 153 3913; x_wconf 74' lang='lat' dir='ltr'>diritioe,</span> <span class='ocrx_word' id='word_1_520' title='bbox 171 3858 281 3918; x_wconf 76' lang='lat' dir='ltr'>voluptas</span> <span class='ocrx_word' id='word_1_521' title='bbox 297 3872 324 3903; x_wconf 82' lang='lat' dir='ltr'>ac</span> <span class='ocrx_word' id='word_1_522' title='bbox 336 3858 466 3904; x_wconf 87' lang='lat' dir='ltr'>delectatio.</span> <span class='ocrx_word' id='word_1_523' title='bbox 501 3860 545 3905; x_wconf 86' lang='lat' dir='ltr'>Est</span> <span class='ocrx_word' id='word_1_524' title='bbox 555 3859 595 3918; x_wconf 89' lang='lat' dir='ltr'>qui</span> <span class='ocrx_word' id='word_1_525' title='bbox 607 3861 660 3906; x_wconf 81' lang='lat' dir='ltr'>dor·</span> <span class='ocrx_word' id='word_1_526' title='bbox 698 3860 728 3906; x_wconf 88' lang='lat' dir='ltr'>Ut</span> <span class='ocrx_word' id='word_1_527' title='bbox 736 3861 835 3919; x_wconf 71' lang='lat' dir='ltr'>primam</span> <span class='ocrx_word' id='word_1_528' title='bbox 847 3859 896 3904; x_wconf 83' lang='lat' dir='ltr'>tolli</span> <span class='ocrx_word' id='word_1_529' title='bbox 899 3856 988 3919; x_wconf 83' lang='lat' dir='ltr'>feralia</span> <span class='ocrx_word' id='word_1_530' title='bbox 999 3860 1087 3906; x_wconf 79' lang='lat' dir='ltr'>uiderat</span> <span class='ocrx_word' id='word_1_531' title='bbox 1098 3875 1170 3914; x_wconf 73' lang='lat' dir='ltr'>moro,</span> 
     </span>
     <span class='ocr_line' id='line_1_51' title="bbox 55 3921 1265 3985; baseline 0.002 -17"><span class='ocrx_word' id='word_1_532' title='bbox 55 3923 148 3968; x_wconf 59' lang='lat' dir='ltr'>dam</span> <span class='ocrx_word' id='word_1_533' title='bbox 164 3922 205 3967; x_wconf 82' lang='lat' dir='ltr'>bic</span> <span class='ocrx_word' id='word_1_534' title='bbox 218 3922 345 3968; x_wconf 79' lang='lat' dir='ltr'>Horatium</span> <span class='ocrx_word' id='word_1_535' title='bbox 360 3923 489 3978; x_wconf 73' lang='lat' dir='ltr'>revidetur,</span> <span class='ocrx_word' id='word_1_536' title='bbox 505 3938 535 3970; x_wconf 89' lang='lat' dir='ltr'>ne</span> <span class='ocrx_word' id='word_1_537' title='bbox 551 3923 607 3970; x_wconf 86' lang='lat' dir='ltr'>satis</span> <span class='ocrx_word' id='word_1_538' title='bbox 624 3927 660 3971; x_wconf 83' lang='lat' dir='ltr'>s&#39;n·</span> <span class='ocrx_word' id='word_1_539' title='bbox 693 3924 795 3970; x_wconf 80' lang='lat' dir='ltr'>lrrtorrsos</span> <span class='ocrx_word' id='word_1_540' title='bbox 807 3926 906 3985; x_wconf 60' lang='grc' dir='ltr'>η’ςὲιίαηι</span> <span class='ocrx_word' id='word_1_541' title='bbox 917 3925 940 3969; x_wconf 82' lang='lat' dir='ltr'>in</span> <span class='ocrx_word' id='word_1_542' title='bbox 943 3921 1045 3984; x_wconf 78' lang='lat' dir='ltr'>frontem</span> <span class='ocrx_word' id='word_1_543' title='bbox 1055 3925 1189 3971; x_wconf 79' lang='lat' dir='ltr'>descendere</span> <span class='ocrx_word' id='word_1_544' title='bbox 1199 3940 1265 3971; x_wconf 81' lang='lat' dir='ltr'>conos</span> 
     </span>
     <span class='ocr_line' id='line_1_52' title="bbox 55 3987 1291 4050; baseline 0.002 -18"><span class='ocrx_word' id='word_1_545' title='bbox 55 3987 154 4032; x_wconf 60' lang='lat' dir='ltr'>wisse</span> <span class='ocrx_word' id='word_1_546' title='bbox 173 3990 282 4033; x_wconf 59' lang='lat' dir='ltr'>misum</span> <span class='ocrx_word' id='word_1_547' title='bbox 321 3987 396 4038; x_wconf 80' lang='lat' dir='ltr'>Quasi</span> <span class='ocrx_word' id='word_1_548' title='bbox 413 3991 468 4035; x_wconf 82' lang='lat' dir='ltr'>verb</span> <span class='ocrx_word' id='word_1_549' title='bbox 484 3994 572 4036; x_wconf 75' lang='lat' dir='ltr'>temere</span> <span class='ocrx_word' id='word_1_550' title='bbox 589 3989 658 4048; x_wconf 88' lang='lat' dir='ltr'>quid·</span> <span class='ocrx_word' id='word_1_551' title='bbox 692 3990 1291 4050; x_wconf 73' lang='lat' dir='ltr'>Porruscrot,moestrrmqncgenisincrescereborbom.</span> 
     </span>
     <span class='ocr_line' id='line_1_53' title="bbox 55 4051 1292 4115; baseline 0.002 -18"><span class='ocrx_word' id='word_1_552' title='bbox 55 4065 127 4110; x_wconf 73' lang='lat' dir='ltr'>qum</span> <span class='ocrx_word' id='word_1_553' title='bbox 138 4051 243 4098; x_wconf 72' lang='lat' dir='ltr'>smibere</span> <span class='ocrx_word' id='word_1_554' title='bbox 257 4052 330 4098; x_wconf 83' lang='lat' dir='ltr'>soleat</span> <span class='ocrx_word' id='word_1_555' title='bbox 341 4061 420 4099; x_wconf 87' lang='lat' dir='ltr'>tantus</span> <span class='ocrx_word' id='word_1_556' title='bbox 431 4054 510 4099; x_wconf 72' lang='lat' dir='ltr'>Podta</span> <span class='ocrx_word' id='word_1_557' title='bbox 544 4054 595 4100; x_wconf 81' lang='lat' dir='ltr'>lmd</span> <span class='ocrx_word' id='word_1_558' title='bbox 607 4054 659 4101; x_wconf 86' lang='lat' dir='ltr'>leli·</span> <span class='ocrx_word' id='word_1_559' title='bbox 727 4053 763 4099; x_wconf 76' lang='lat' dir='ltr'>la</span> <span class='ocrx_word' id='word_1_560' title='bbox 781 4055 891 4100; x_wconf 77' lang='lat' dir='ltr'>Privatus</span> <span class='ocrx_word' id='word_1_561' title='bbox 901 4055 1036 4100; x_wconf 72' lang='lat' dir='ltr'>illisorum</span> <span class='ocrx_word' id='word_1_562' title='bbox 1046 4062 1096 4101; x_wconf 84' lang='lat' dir='ltr'>erat</span> <span class='ocrx_word' id='word_1_563' title='bbox 1108 4051 1200 4115; x_wconf 64' lang='lat' dir='ltr'>breem]</span> <span class='ocrx_word' id='word_1_564' title='bbox 1233 4055 1292 4099; x_wconf 83' lang='lat' dir='ltr'>Exi·</span> 
     </span>
     <span class='ocr_line' id='line_1_54' title="bbox 54 4115 1292 4180; baseline 0.002 -19"><span class='ocrx_word' id='word_1_565' title='bbox 54 4116 114 4161; x_wconf 76' lang='lat' dir='ltr'>citer</span> <span class='ocrx_word' id='word_1_566' title='bbox 124 4118 260 4163; x_wconf 72' lang='lat' dir='ltr'>intendebat</span> <span class='ocrx_word' id='word_1_567' title='bbox 267 4119 373 4172; x_wconf 67' lang='lat' dir='ltr'>masam,</span> <span class='ocrx_word' id='word_1_568' title='bbox 386 4115 461 4165; x_wconf 74' lang='lat' dir='ltr'>forsan</span> <span class='ocrx_word' id='word_1_569' title='bbox 470 4120 530 4165; x_wconf 85' lang='lat' dir='ltr'>oioos</span> <span class='ocrx_word' id='word_1_570' title='bbox 541 4126 563 4166; x_wconf 87' lang='lat' dir='ltr'>et</span> <span class='ocrx_word' id='word_1_571' title='bbox 574 4126 661 4166; x_wconf 78' lang='lat' dir='ltr'>roserat</span> <span class='ocrx_word' id='word_1_572' title='bbox 692 4133 745 4178; x_wconf 78' lang='lat' dir='ltr'>guae</span> <span class='ocrx_word' id='word_1_573' title='bbox 762 4126 818 4164; x_wconf 87' lang='lat' dir='ltr'>tunc</span> <span class='ocrx_word' id='word_1_574' title='bbox 837 4126 904 4165; x_wconf 85' lang='lat' dir='ltr'>erant</span> <span class='ocrx_word' id='word_1_575' title='bbox 921 4118 1065 4178; x_wconf 79' lang='lat' dir='ltr'>privatorum</span> <span class='ocrx_word' id='word_1_576' title='bbox 1082 4134 1151 4180; x_wconf 84' lang='lat' dir='ltr'>opes:</span> <span class='ocrx_word' id='word_1_577' title='bbox 1169 4135 1212 4166; x_wconf 88' lang='lat' dir='ltr'>nec</span> <span class='ocrx_word' id='word_1_578' title='bbox 1228 4120 1292 4165; x_wconf 78' lang='lat' dir='ltr'>dives</span> 
     </span>
     <span class='ocr_line' id='line_1_55' title="bbox 54 4180 1292 4245; baseline 0.002 -19"><span class='ocrx_word' id='word_1_579' title='bbox 54 4197 152 4242; x_wconf 68' lang='lat' dir='ltr'>agnes,</span> <span class='ocrx_word' id='word_1_580' title='bbox 168 4190 194 4229; x_wconf 84' lang='lat' dir='ltr'>et</span> <span class='ocrx_word' id='word_1_581' title='bbox 209 4184 234 4228; x_wconf 81' lang='lat' dir='ltr'>in</span> <span class='ocrx_word' id='word_1_582' title='bbox 252 4198 317 4229; x_wconf 76' lang='lat' dir='ltr'>ocrea</span> <span class='ocrx_word' id='word_1_583' title='bbox 326 4180 436 4244; x_wconf 73' lang='lat' dir='ltr'>foeimdo</span> <span class='ocrx_word' id='word_1_584' title='bbox 450 4199 509 4244; x_wconf 71' lang='lat' dir='ltr'>rape</span> <span class='ocrx_word' id='word_1_585' title='bbox 525 4191 596 4244; x_wconf 83' lang='lat' dir='ltr'>caput</span> <span class='ocrx_word' id='word_1_586' title='bbox 609 4185 660 4244; x_wconf 75' lang='lat' dir='ltr'>j.m</span> <span class='ocrx_word' id='word_1_587' title='bbox 692 4198 743 4229; x_wconf 86' lang='lat' dir='ltr'>esse</span> <span class='ocrx_word' id='word_1_588' title='bbox 754 4183 878 4243; x_wconf 81' lang='lat' dir='ltr'>quisquam</span> <span class='ocrx_word' id='word_1_589' title='bbox 888 4186 1022 4243; x_wconf 83' lang='lat' dir='ltr'>satagebat:</span> <span class='ocrx_word' id='word_1_590' title='bbox 1038 4193 1061 4230; x_wconf 89' lang='lat' dir='ltr'>at</span> <span class='ocrx_word' id='word_1_591' title='bbox 1073 4184 1175 4232; x_wconf 79' lang='lat' dir='ltr'>universi</span> <span class='ocrx_word' id='word_1_592' title='bbox 1187 4184 1292 4245; x_wconf 85' lang='lat' dir='ltr'>Reipub-</span> 
     </span>
     <span class='ocr_line' id='line_1_56' title="bbox 53 4247 1293 4309; baseline 0.002 -17"><span class='ocrx_word' id='word_1_593' title='bbox 53 4248 161 4293; x_wconf 63' lang='grc' dir='ltr'>καῦσαί</span> <span class='ocrx_word' id='word_1_594' title='bbox 177 4257 259 4307; x_wconf 79' lang='lat' dir='ltr'>atque,</span> <span class='ocrx_word' id='word_1_595' title='bbox 276 4257 304 4293; x_wconf 90' lang='lat' dir='ltr'>ut</span> <span class='ocrx_word' id='word_1_596' title='bbox 317 4248 351 4294; x_wconf 78' lang='lat' dir='ltr'>sit</span> <span class='ocrx_word' id='word_1_597' title='bbox 360 4247 431 4294; x_wconf 87' lang='lat' dir='ltr'>etiam</span> <span class='ocrx_word' id='word_1_598' title='bbox 443 4247 544 4303; x_wconf 85' lang='lat' dir='ltr'>Persius,</span> <span class='ocrx_word' id='word_1_599' title='bbox 555 4249 661 4296; x_wconf 78' lang='lat' dir='ltr'>Plateam</span> <span class='ocrx_word' id='word_1_600' title='bbox 693 4248 744 4294; x_wconf 82' lang='lat' dir='ltr'>licre</span> <span class='ocrx_word' id='word_1_601' title='bbox 755 4249 834 4303; x_wconf 86' lang='lat' dir='ltr'>decus,</span> <span class='ocrx_word' id='word_1_602' title='bbox 850 4248 956 4306; x_wconf 82' lang='lat' dir='ltr'>gloriam,</span> <span class='ocrx_word' id='word_1_603' title='bbox 972 4250 1101 4309; x_wconf 89' lang='lat' dir='ltr'>potentiam</span> <span class='ocrx_word' id='word_1_604' title='bbox 1112 4264 1197 4308; x_wconf 81' lang='lat' dir='ltr'>augere</span> <span class='ocrx_word' id='word_1_605' title='bbox 1209 4258 1233 4294; x_wconf 91' lang='lat' dir='ltr'>et</span> <span class='ocrx_word' id='word_1_606' title='bbox 1242 4265 1293 4294; x_wconf 83' lang='lat' dir='ltr'>arn-</span> 
     </span>
     <span class='ocr_line' id='line_1_57' title="bbox 53 4312 1293 4375; baseline 0 -18"><span class='ocrx_word' id='word_1_607' title='bbox 53 4313 189 4364; x_wconf 63' lang='lat' dir='ltr'>efflans,-</span> <span class='ocrx_word' id='word_1_608' title='bbox 205 4312 379 4374; x_wconf 72' lang='lat' dir='ltr'>ebmacripsitr</span> <span class='ocrx_word' id='word_1_609' title='bbox 394 4315 660 4374; x_wconf 80' lang='lat' dir='ltr'>Omaiscopianorium:</span> <span class='ocrx_word' id='word_1_610' title='bbox 693 4312 797 4373; x_wconf 86' lang='lat' dir='ltr'>plilicarc</span> <span class='ocrx_word' id='word_1_611' title='bbox 808 4314 939 4360; x_wconf 84' lang='lat' dir='ltr'>studebant.</span> <span class='ocrx_word' id='word_1_612' title='bbox 968 4313 1027 4359; x_wconf 87' lang='lat' dir='ltr'>Vide</span> <span class='ocrx_word' id='word_1_613' title='bbox 1038 4324 1200 4375; x_wconf 87' lang='lat' dir='ltr'>paupertatem</span> <span class='ocrx_word' id='word_1_614' title='bbox 1212 4314 1293 4358; x_wconf 88' lang='lat' dir='ltr'>lauda-</span> 
     </span>
     <span class='ocr_line' id='line_1_58' title="bbox 53 4376 1294 4439; baseline 0.001 -17"><span class='ocrx_word' id='word_1_615' title='bbox 53 4376 128 4422; x_wconf 69' lang='lat' dir='ltr'>detio</span> <span class='ocrx_word' id='word_1_616' title='bbox 145 4381 205 4423; x_wconf 70' lang='lat' dir='ltr'>rane</span> <span class='ocrx_word' id='word_1_617' title='bbox 222 4386 272 4423; x_wconf 83' lang='lat' dir='ltr'>tam</span> <span class='ocrx_word' id='word_1_618' title='bbox 286 4379 383 4437; x_wconf 80' lang='lat' dir='ltr'>grandis</span> <span class='ocrx_word' id='word_1_619' title='bbox 397 4383 468 4438; x_wconf 79' lang='lat' dir='ltr'>qudm</span> <span class='ocrx_word' id='word_1_620' title='bbox 485 4379 596 4436; x_wconf 86' lang='lat' dir='ltr'>insolens,</span> <span class='ocrx_word' id='word_1_621' title='bbox 613 4386 661 4425; x_wconf 90' lang='lat' dir='ltr'>tam</span> <span class='ocrx_word' id='word_1_622' title='bbox 694 4385 743 4424; x_wconf 85' lang='lat' dir='ltr'>tam</span> <span class='ocrx_word' id='word_1_623' title='bbox 760 4379 823 4438; x_wconf 83' lang='lat' dir='ltr'>apud</span> <span class='ocrx_word' id='word_1_624' title='bbox 835 4378 910 4424; x_wconf 82' lang='lat' dir='ltr'>Vsler.</span> <span class='ocrx_word' id='word_1_625' title='bbox 928 4378 1025 4425; x_wconf 80' lang='lat' dir='ltr'>Maxim.</span> <span class='ocrx_word' id='word_1_626' title='bbox 1045 4379 1084 4426; x_wconf 89' lang='lat' dir='ltr'>lib.</span> <span class='ocrx_word' id='word_1_627' title='bbox 1103 4381 1125 4425; x_wconf 83' lang='lat'>4.</span> <span class='ocrx_word' id='word_1_628' title='bbox 1144 4395 1192 4439; x_wconf 88' lang='lat' dir='ltr'>cap.</span> <span class='ocrx_word' id='word_1_629' title='bbox 1211 4380 1233 4423; x_wconf 76' lang='lat'>4.</span> <span class='ocrx_word' id='word_1_630' title='bbox 1253 4377 1294 4423; x_wconf 89' lang='lat' dir='ltr'>nbi</span> 
     </span>
     <span class='ocr_line' id='line_1_59' title="bbox 53 4440 1294 4504; baseline -0.001 -16"><span class='ocrx_word' id='word_1_631' title='bbox 53 4441 155 4502; x_wconf 67' lang='lat' dir='ltr'>pulchra</span> <span class='ocrx_word' id='word_1_632' title='bbox 166 4451 191 4487; x_wconf 87' lang='lat' dir='ltr'>et</span> <span class='ocrx_word' id='word_1_633' title='bbox 202 4443 277 4497; x_wconf 78' lang='lat' dir='ltr'>diues,</span> <span class='ocrx_word' id='word_1_634' title='bbox 288 4447 360 4502; x_wconf 78' lang='lat' dir='ltr'>qodm</span> <span class='ocrx_word' id='word_1_635' title='bbox 371 4445 449 4490; x_wconf 83' lang='lat' dir='ltr'>audax</span> <span class='ocrx_word' id='word_1_636' title='bbox 459 4452 483 4490; x_wconf 87' lang='lat' dir='ltr'>et</span> <span class='ocrx_word' id='word_1_637' title='bbox 494 4458 561 4490; x_wconf 80' lang='lat' dir='ltr'>nora.</span> <span class='ocrx_word' id='word_1_638' title='bbox 694 4443 756 4488; x_wconf 86' lang='lat' dir='ltr'>inter</span> <span class='ocrx_word' id='word_1_639' title='bbox 767 4441 874 4503; x_wconf 84' lang='lat' dir='ltr'>excnrpla</span> <span class='ocrx_word' id='word_1_640' title='bbox 885 4459 932 4490; x_wconf 86' lang='lat' dir='ltr'>non</span> <span class='ocrx_word' id='word_1_641' title='bbox 942 4459 1024 4504; x_wconf 87' lang='lat' dir='ltr'>pauca,</span> <span class='ocrx_word' id='word_1_642' title='bbox 1041 4445 1091 4490; x_wconf 80' lang='lat' dir='ltr'>lroec</span> <span class='ocrx_word' id='word_1_643' title='bbox 1106 4444 1188 4489; x_wconf 78' lang='lat' dir='ltr'>affert:</span> <span class='ocrx_word' id='word_1_644' title='bbox 1206 4440 1294 4487; x_wconf 84' lang='lat' dir='ltr'>Valerii</span> 
     </span>
     <span class='ocr_line' id='line_1_60' title="bbox 86 4506 1296 4569; baseline -0.002 -15"><span class='ocrx_word' id='word_1_645' title='bbox 86 4506 111 4561; x_wconf 83' lang='grc'>7.</span> <span class='ocrx_word' id='word_1_646' title='bbox 128 4507 193 4569; x_wconf 76' lang='lat' dir='ltr'>Spar</span> <span class='ocrx_word' id='word_1_647' title='bbox 207 4509 445 4555; x_wconf 62' lang='lat' dir='ltr'>midsommers</span> <span class='ocrx_word' id='word_1_648' title='bbox 455 4510 580 4556; x_wconf 80' lang='lat' dir='ltr'>Fertilibus</span> <span class='ocrx_word' id='word_1_649' title='bbox 590 4509 661 4555; x_wconf 84' lang='lat' dir='ltr'>dorni-</span> <span class='ocrx_word' id='word_1_650' title='bbox 695 4508 728 4555; x_wconf 86' lang='lat' dir='ltr'>Po</span> <span class='ocrx_word' id='word_1_651' title='bbox 745 4508 826 4564; x_wconf 83' lang='lat' dir='ltr'>licolae,</span> <span class='ocrx_word' id='word_1_652' title='bbox 845 4509 889 4554; x_wconf 83' lang='lat' dir='ltr'>Coi</span> <span class='ocrx_word' id='word_1_653' title='bbox 901 4515 986 4555; x_wconf 83' lang='lat' dir='ltr'>mortuo</span> <span class='ocrx_word' id='word_1_654' title='bbox 997 4510 1068 4555; x_wconf 74' lang='lat' dir='ltr'>lectra</span> <span class='ocrx_word' id='word_1_655' title='bbox 1076 4506 1183 4568; x_wconf 78' lang='lat' dir='ltr'>fisrrebm‘r</span> <span class='ocrx_word' id='word_1_656' title='bbox 1193 4513 1215 4552; x_wconf 86' lang='lat' dir='ltr'>et</span> <span class='ocrx_word' id='word_1_657' title='bbox 1226 4521 1296 4566; x_wconf 82' lang='lat' dir='ltr'>rogus</span> 
     </span>
     <span class='ocr_line' id='line_1_61' title="bbox 54 4524 1296 4634; baseline 0.002 -19"><span class='ocrx_word' id='word_1_658' title='bbox 54 4585 83 4615; x_wconf 74' lang='lat' dir='ltr'>no</span> <span class='ocrx_word' id='word_1_659' title='bbox 96 4524 207 4633; x_wconf 54' lang='lat' dir='ltr'>mil</span> <span class='ocrx_word' id='word_1_660' title='bbox 231 4571 361 4620; x_wconf 78' lang='lat' dir='ltr'>Odorir&#39;erae</span> <span class='ocrx_word' id='word_1_661' title='bbox 376 4573 451 4620; x_wconf 85' lang='lat' dir='ltr'>omnis</span> <span class='ocrx_word' id='word_1_662' title='bbox 467 4574 560 4632; x_wconf 79' lang='lat' dir='ltr'>generis</span> <span class='ocrx_word' id='word_1_663' title='bbox 576 4573 663 4634; x_wconf 74' lang='lat' dir='ltr'>planta</span> <span class='ocrx_word' id='word_1_664' title='bbox 694 4524 786 4634; x_wconf 60' lang='lat' dir='ltr'>deiide.-</span> <span class='ocrx_word' id='word_1_665' title='bbox 809 4577 976 4634; x_wconf 67' lang='lat' dir='ltr'>esequissero</span> <span class='ocrx_word' id='word_1_666' title='bbox 994 4575 1092 4632; x_wconf 78' lang='lat' dir='ltr'>pccamd</span> <span class='ocrx_word' id='word_1_667' title='bbox 1109 4573 1203 4632; x_wconf 75' lang='lat' dir='ltr'>publicu</span> <span class='ocrx_word' id='word_1_668' title='bbox 1219 4570 1296 4617; x_wconf 77' lang='lat' dir='ltr'>dacus</span> 
     </span>
     <span class='ocr_line' id='line_1_62' title="bbox 55 4635 1298 4699; baseline 0.002 -16"><span class='ocrx_word' id='word_1_669' title='bbox 55 4635 194 4685; x_wconf 63' lang='lat' dir='ltr'>eilmerus</span> <span class='ocrx_word' id='word_1_670' title='bbox 205 4637 360 4697; x_wconf 70' lang='lat' dir='ltr'>fragrantiam</span> <span class='ocrx_word' id='word_1_671' title='bbox 373 4637 402 4684; x_wconf 90' lang='lat' dir='ltr'>iis</span> <span class='ocrx_word' id='word_1_672' title='bbox 418 4638 442 4685; x_wconf 94' lang='lat' dir='ltr'>in</span> <span class='ocrx_word' id='word_1_673' title='bbox 459 4639 523 4694; x_wconf 89' lang='lat' dir='ltr'>locis,</span> <span class='ocrx_word' id='word_1_674' title='bbox 534 4654 587 4699; x_wconf 78' lang='lat' dir='ltr'>qua</span> <span class='ocrx_word' id='word_1_675' title='bbox 598 4638 663 4699; x_wconf 85' lang='lat' dir='ltr'>pribs</span> <span class='ocrx_word' id='word_1_676' title='bbox 695 4644 754 4685; x_wconf 75' lang='lat' dir='ltr'>suist.</span> <span class='ocrx_word' id='word_1_677' title='bbox 789 4637 899 4697; x_wconf 72' lang='lat' dir='ltr'>Agrippa</span> <span class='ocrx_word' id='word_1_678' title='bbox 917 4637 1030 4692; x_wconf 76' lang='lat' dir='ltr'>Menapii,</span> <span class='ocrx_word' id='word_1_679' title='bbox 1047 4639 1086 4698; x_wconf 82' lang='lat' dir='ltr'>qai</span> <span class='ocrx_word' id='word_1_680' title='bbox 1098 4640 1197 4697; x_wconf 68' lang='lat' dir='ltr'>publicar</span> <span class='ocrx_word' id='word_1_681' title='bbox 1212 4635 1298 4685; x_wconf 77' lang='lat' dir='ltr'>solutis</span> 
     </span>
    </p>
   </div>
   <div class='ocr_carea' id='block_1_9' title="bbox 0 0 1534 4984">
    <p class='ocr_par' dir='ltr' id='par_1_9' title="bbox 0 0 1534 4984">
     <span class='ocr_line' id='line_1_63' title="bbox 0 0 1534 4984; baseline 0 0"><span class='ocrx_word' id='word_1_682' title='bbox 0 0 1534 4984; x_wconf 95' lang='lat' dir='ltr'> </span> 
     </span>
    </p>
   </div>
  </div>
 </body>
</html>
