3059 4984
516 309 872 377 CHRONOLOGIA.
1261 319 1326 383 xvii

82 483 179 546 Amo
190 483 233 548 ad
248 481 288 548 U.
299 480 336 547 C.
353 480 529 548 Amroaote
540 482 575 548 J.
585 482 622 549 C.
637 482 729 548 Anno
738 483 825 550 Hor.
965 483 1217 552 CONSULES.

216 612 281 676 rsa
456 613 495 676 18
667 612 711 677 ro
867 568 1098 728 lllglffiss

917 704 925 719 ·
1085 682 1158 725 eI'VD

126 740 278 808 Tiberius
292 763 365 807 cum
388 743 517 827 imperio
532 742 565 806 in
580 741 744 808 Orientem
767 745 892 820 missus,
918 742 1086 828 Tigranem
1108 747 1141 811 in
1155 746 1323 830 Armeniae,

83 827 256 893 Phraatem
278 829 312 892 in
333 827 469 894 Parthiae
490 850 622 913 regnum
643 831 789 896 restituit.
835 831 869 895 Si
952 829 1105 910 Romana,
1128 855 1199 917 quae
1214 832 1322 900 Parthi

81 914 201 979 Cmso
217 927 250 980 et
266 914 316 978 M.
330 915 469 979 Antonio
482 914 684 992 abstulerant,
708 916 839 994 reddita,
894 938 1058 1002 omamque
1077 921 1217 998 remissa,
1241 919 1322 987 I·Ior.

80 1002 191 1065 scribit
206 1000 280 1065 Lib.
297 1000 325 1064 l.
348 999 410 1086 Ep.
433 1001 500 1065 Ill.
524 1000 583 1066 IV.
604 1012 636 1065 et
655 1000 736 1067 VII.
761 1013 852 1068 utet
875 1003 970 1086 pauli)
991 1009 1062 1069 ante
1084 1003 1149 1070 Od.
1170 1004 1268 1071 XIX.
1291 1018 1324 1072 et

83 1086 197 1152 XXX.
215 1086 287 1153 Lib.
305 1086 333 1151 1.
349 1087 415 1152 Od.
433 1086 480 1152 II.
498 1086 569 1152 Lib.
587 1085 635 1152 II.
651 1098 683 1152 et
698 1086 762 1154 Od.
781 1087 840 1152 IV.
858 1087 927 1153 Lib.
943 1088 1010 1154 III.

214 1216 282 1281 734
456 1217 494 1280 Π
667 1217 710 1281 47
866 1172 921 1335 {g
940 1175 1072 1326 {entiupi
1082 1176 1271 1244 Saturninus

920 1307 929 1326 .
974 1283 1047 1327 ucre
1072 1285 1110 1328 us

124 1344 331 1412 Debellatum
351 1349 386 1411 iu
409 1345 565 1432 Hispania
585 1368 641 1432 per
662 1347 844 1433 Agrippam,
869 1344 963 1413 resi
984 1347 1114 1414 Tiberio
1135 1350 1169 1414 in
1191 1347 1322 1416 Oriente

80 1446 181 1517 gestas
193 1432 329 1497 Romam
342 1432 444 1497 illatae.
483 1432 599 1497 Scribit
615 1432 694 1498 Hor.
710 1432 772 1517 Ep.
785 1430 866 1497 XII.
883 1431 954 1499 Lib.
973 1432 1000 1498 1.
1017 1432 1167 1520 Virgilius
1180 1435 1321 1501 Athenas

78 1518 301 1604 proficiscitur.
347 1518 487 1604 Megaris
507 1520 540 1584 in
560 1519 702 1585 morbum
719 1520 836 1597 incidit,
861 1517 1031 1585 Brundusii
1046 1522 1193 1586 moritur:
1219 1520 1323 1587 Iiomd

79 1605 295 1670 discedentem
317 1616 498 1690 prosecutus
519 1617 568 1670 est
590 1604 671 1670 Hor.
688 1604 760 1671 Ode
784 1604 851 1670 111.
874 1603 945 1670 Lib.
962 1605 988 1671 l.
1024 1605 1111 1673 Huic
1130 1630 1213 1673 anno
1226 1609 1321 1674 etiam

79 1690 476 1843 ωρροὲιιὲἰὲροεεωὲἓὲἆε
501 1690 562 1756 IX.
587 1690 657 1756 Lib.
686 1691 733 1757 II.
763 1702 796 1757 et
821 1692 888 1757 Sat.
908 1690 949 1757 V.
972 1689 1042 1758 Lib.
1066 1691 1114 1758 11.
1136 1715 1195 1761 nec
1215 1695 1320 1761 minus

79 1799 184 1843 comm
264 1801 348 1843 anno
429 1827 436 1842 .

214 1907 280 1971 ⁷³⁵
455 1907 495 1969 1⁶
666 1906 709 1969 a
867 1862 1114 2022 {tratis

214 2080 280 2144 ⁷³⁶
456 2079 496 2142 ¹5
667 2079 711 2142 a
850 2034 1064 2191 tillut.

132 2208 238 2273 Ludos
266 2208 429 2275 Seculares
456 2208 542 2272 dedit
564 2208 737 2292 Augustus.
784 2207 918 2273 Carmen
946 2205 1092 2272 Seculare
1124 2206 1219 2293 paulo
1247 2209 1320 2275 ante

82 2308 246 2380 paraverat
262 2294 344 2360 Hor.
359 2307 394 2359 ut
408 2306 440 2357 et
455 2293 519 2358 Od.
532 2292 628 2357 XXI.
645 2292 715 2359 Lib.
733 2293 760 2360 I.
774 2294 840 2360 Od.
852 2294 913 2360 VI.
930 2292 1001 2358 Lib.
1017 2291 1075 2359 IV.
1091 2306 1123 2358 et
1138 2293 1198 2379 Ep.
1214 2294 1317 2363 XIII.

81 2382 155 2447 Lib.
172 2381 201 2446 I.
216 2394 250 2447 et
265 2381 328 2466 Ep.
347 2381 375 2446 I.
394 2379 464 2447 Lib.
480 2379 528 2445 ΙΙ.
543 2381 583 2444 ad
598 2379 691 2465 hujus
706 2382 780 2446 anni
794 2381 889 2446 finem
903 2378 1010 2444 referri
1024 2392 1165 2464 possunt.

214 2510 279 2575 737
453 2510 493 2574 14
666 2510 708 2573 50
867 2466 925 2623 {IV
939 2464 1098 2637 pgpprus

123 2641 291 2724 Augustus
317 2640 424 2704 Caesar
453 2639 581 2705 Liciniae
611 2637 793 2704 Maecenatis
822 2640 929 2704 uxoris
958 2660 1062 2703 amore
1094 2639 1250 2725 abreptus,
1287 2639 1320 2706 in

81 2727 220 2792 Galliam
242 2726 459 2811 proficiscitur,
503 2725 545 2790 ub
567 2723 696 2790 liberius
718 2747 789 2790 cum
810 2725 849 2789 ed
870 2726 1016 2809 degeret3
1042 2722 1151 2790 relicto
1172 2726 1213 2791 ad
1234 2727 1320 2791 urbis

82 2812 298 2899 praefecturam
326 2811 448 2877 Statilio
500 2833 588 2889 auro,
619 2833 677 2914 pro
698 2809 850 2896 Agrippi,
883 2822 937 2877 aut
965 2809 1069 2896 potiris
1099 2833 1158 2896 pro
1181 2812 1322 2879 Messall

83 2900 231 2976 Corvino,
246 2900 313 2984 qui,
329 2898 415 2963 adid
429 2920 542 2963 munus
556 2898 660 2962 minus
674 2898 817 2976 idoneus,
832 2919 899 2962 earn
955 2898 1021 2962 ucis
1035 2898 1145 2962 diebus
1160 2910 1319 2977 tenuerat;

83 2985 175 3073 hujus
189 2987 268 3051 anni
281 2996 331 3050 est
342 2984 414 3050 Ode
432 2984 458 3049 1.
476 2985 546 3049 Lib.
564 2983 632 3050 III.
647 2983 719 3049 Ode
735 2982 783 3049 II.
799 2993 832 3049 et
847 2982 923 3133 XM
935 2983 980 3133 ills5
996 2982 1056 3048 IV.
1087 3067 1168 3136 ubo

925 3120 933 3135 .
982 3091 1074 3135 rusus
1115 3092 1126 3134 1

125 3244 281 3309 Sicambri
295 3255 328 3309 et
342 3242 447 3308 Rhaeti
469 3264 524 3330 per
540 3243 683 3309 Drusum
697 3255 729 3309 et
747 3241 910 3308 Tiberium
924 3241 1047 3320 devicti,
1067 3241 1141 3307 dum
1155 3242 1316 3328 Augustus

81 3329 238 3396 nonus
251 3352 371 3396 moram
385 3329 490 3395 trahit.
886 3411 1116 3479 calcaturus

210 3460 280 3524 739
455 3460 495 3523 ¹2
667 3459 711 3523 52
866 3425 934 3571 IM.
950 3498 1083 3565 Crassus

123 3590 310 3656 Absentiam
323 3587 459 3672 Augusti
481 3588 675 3674 impatienter
693 3587 768 3651 satis
783 3584 920 3651 tulerunt
934 3578 1080 3664 Romani,
1102 3585 1236 3651 reditum
1251 3587 1318 3672 ejus

87 3677 168 3743 uide
183 3684 384 3760 exoptantes.
430 3673 527 3740 Facta
540 3685 588 3740 est
603 3673 675 3739 Ode
693 3672 741 3738 11.
755 3684 788 3738 et
802 3671 841 3737 V.
858 3672 932 3736 Lib.
947 3670 1006 3736 IV.

208 3804 278 3869 ⁷..
453 3804 488 3869 11
663 3803 705 3866 ⁵³
863 3756 1171 3918 {tutatum

122 3935 222 4000 Redit
236 3934 401 4019 Augustus
422 3931 565 4010 Romam,
588 3933 608 3996 ai
627 3954 690 4016 quo
707 3933 814 4016 jussus
837 3917 1000 4009 Horatius,
1024 3929 1205 4010 Victoriam,
1226 3952 1319 4016 quam

84 4023 215 4088 sedecim
239 4034 295 4085 aut
319 4020 490 4084 octodecim
512 4020 670 4084 mensibus
691 4018 764 4083 ante
788 4021 826 4084 de
849 4017 1031 4094 Vindelicis,
1056 4015 1189 4088 Rhaetis,
1216 4032 1248 4081 et
1270 4018 1319 4082 Si-

85 4109 213 4173 cambria
226 4104 424 4192 reportitrsnt
437 4105 562 4170 Drusus
576 4118 608 4169 et
619 4104 776 4183 Tiberius,
790 4106 913 4171 cecinit.
940 4103 1001 4190 Ep.
1013 4102 1095 4168 VII.
1105 4115 1137 4168 et
1146 4101 1188 4168 X.
1207 4102 1277 4169 Lib.
1290 4103 1318 4169 I.

86 4215 148 4258 non
160 4195 256 4279 longe
271 4194 312 4257 ab
327 4193 387 4257 hoc
401 4204 538 4277 tempore
552 4192 675 4258 absunt.

886 4275 933 4340 M.
948 4275 1053 4340 Valer.
1069 4275 1210 4341 Messala

209 4323 273 4388 74¹
454 4322 494 4386 ¹⁰
665 4319 709 4384 54
865 4281 922 4427 IP.
938 4362 1091 4447 Sulpitius
1107 4362 1260 4435 QuIrinus

125 4452 274 4538 Agrippae
295 4474 388 4516 mors.
435 4449 534 4516 Novae
554 4450 651 4515 Drusi
676 4462 708 4514 et
728 4449 848 4513 Tiberii
868 4448 907 4513 de
928 4447 1110 4526 Vindelicis,
1134 4447 1266 4529 Rhaetis,
1288 4460 1320 4514 et

86 4538 253 4604 Sicambris
278 4539 422 4604 victoriae.
468 4539 590 4622 Scripta
614 4549 662 4601 est
680 4535 752 4600 Ode
775 4534 847 4598 XV.
876 4535 945 4600 Lib.
973 4534 1032 4599 IV.
1056 4557 1126 4621 quae
1143 4534 1227 4611 Ode,
1250 4558 1319 4602 meo

85 4627 207 4709 quidem
218 4625 348 4711 judicio,
363 4623 471 4689 ultima
485 4623 541 4690 suit
556 4625 704 4702 omnium,
720 4645 777 4688 nec
793 4619 903 4687 melitis
919 4622 1020 4705 potuit
1031 4622 1125 4707 quem
1140 4620 1172 4684 in
1185 4620 1318 4707 Augusti

86 4710 226 4778 laudibus
242 4712 335 4778 finem
350 4710 459 4777 facere.
