3059 4984
425 324 683 394 CARMINUM
708 327 852 396 LIBER
877 330 944 397 111.
967 333 998 398 5.
1262 339 1325 404 165

170 460 344 529 Consenuit
359 485 538 530 socerorum
553 467 585 530 in
600 467 692 543 arvis,
907 472 1001 519 Meum
1010 472 1149 534 crappum
1160 475 1185 521 ¹¹¹
1196 478 1322 536 agrishos-

79 547 150 614 Sub
164 571 240 635 rege
256 549 366 628 Medo,
384 550 511 616 Marsus
523 563 555 616 et
569 551 724 640 Appulus,
905 537 1267 664 {Jsslffmss‘ffissssmffiffi’
1278 546 1322 655 ξιξ

78 635 289 736 Anciliorum‚
305 639 452 715 nominis,
464 650 496 702 et
511 649 593 723 togae
855 640 895 705 10
905 668 984 723 mino,
1011 675 1127 729 togaque,
1162 679 1186 717 ,t
1211 674 1322 733 perennis

124 722 266 800 Oblitus,
281 734 469 808 aetemaeque
484 724 601 802 Vessioe,
906 731 984 778 Vestae
995 733 1126 789 immemor,
1139 743 1215 783 stante
1227 738 1286 784 Jove
1297 747 1322 785 et

170 808 324 873 Incolumi
340 809 421 875 Jove
436 827 467 874 et
481 812 559 875 urbe
575 810 702 876 Romal
904 797 1007 908 ἓξὲξ
1018 799 1146 892 ¹i⁰¹¹¹¹¹¹¹⁵i
1173 802 1194 845 ⁰
1212 803 1320 878 ⁸⁸l³¹¹¹⁸r

1009 873 1042 923 pu
1054 879 1146 910 mores.
1165 866 1252 925 Reguli
1263 882 1320 928 pru·

80 893 155 995 Hpc
169 910 293 996 cmm}
305 919 393 960 mens
409 897 538 981 Pl'olilda
553 897 670 982 Reguli
905 927 963 974 dena
985 929 1078 975 animus
1106 929 1131 976 id
1158 940 1320 991 praesenserat,

80 979 306 1047 Dissentrentrs
320 982 551 1047 conditionibus
904 995 958 1037 enm
969 993 1145 1052 refragamur
1158 995 1321 1056 ignominiosis

123 1066 151 1131 F
152 1068 245 1146 oedis,
261 1080 292 1134 et
305 1068 450 1154 exemplo
466 1069 597 1134 trahenti
853 1070 893 1134 15
903 1057 995 1167 ΕΜ
1006 1066 1030 1105 ‘³²
1040 1060 1149 1136 epompio
1163 1061 1188 1106 ³¹¹
1199 1069 1320 1122 posterna

420 1158 427 1170 ‚
959 1137 1024 1179 noso,
1035 1138 1080 1169 urm
1088 1139 1189 1184 juvenes
1196 1128 1257 1173 bello
1264 1143 1318 1188 cap·

169 1154 344 1220 Perniciem
360 1177 485 1220 vemens
502 1157 533 1219 in
549 1177 668 1232 aevum3
903 1187 921 1232 u
938 1187 1172 1237 intueremur,
1182 1191 1233 1237 sine
1248 1193 1320 1239 mise·

79 1239 114 1303 Si
130 1262 197 1305 non
212 1244 327 1324 periret
342 1242 568 1307 immiserabilis
902 1252 1001 1299 ratione.
1037 1254 1095 1312 ugo,
1112 1255 1246 1314 inquirite,
1258 1265 1319 1304 tem·

78 1324 214 1411 Criptiva
229 1329 337 1411 pubes.
382 1329 480 1412 Signa
494 1352 553 1413 ego
571 1328 698 1395 Punicis
902 1317 947 1377 plis
967 1318 1200 1410 eutherium&
1216 1337 1320 1382 appensa

121 1413 232 1477 Affixa
246 1413 396 1494 delubris,
411 1426 442 1478 et
457 1436 542 1479 arma
902 1384 1319 1511 ffimglhlffl‘hmugffie

169 1498 327 1564 Militibus
343 1501 411 1565 sine
426 1501 523 1578 wile,
539 1502 628 1578 dixit,
849 1502 966 1566 20²5b11⁸
986 1514 1103 1573 adempta
1153 1515 1204 1574 Ego
1231 1516 1318 1563 civium

78 1584 217 1670 Direpta
231 1586 311 1650 vidi:
337 1588 397 1651 ridi
412 1609 472 1671 ego
487 1589 600 1653 civium
902 1576 1054 1688 ὝΝΜ
1086 1580 1197 1654 9⁰⁰⁸P⁰¹³
1235 1595 1319 1655 manui

77 1669 215 1736 Retorta
229 1683 317 1757 tergo
330 1672 458 1738 brachia
472 1672 581 1752 libero,
903 1657 954 1760 ἕξ.
971 1657 1319 1771 ,iffi'ssfflfflssffi

122 1758 300 1843 Portasque
315 1781 379 1824 non
393 1758 525 1838 clausas,
541 1773 573 1825 et
588 1782 661 1825 arva

564 1913 838 1976 auuorarrouus„

77 2004 230 2050 immunera
242 2007 350 2064 majestat
362 2003 463 2051 consulis
479 2005 541 2065 turpi
554 2006 629 2051 caedet
663 2005 684 2051 0
716 2017 780 2063 gum,
793 2002 954 2062 abjiciendare
965 2017 1030 2050 arma
1041 2004 1202 2052 incitarentur.
1237 2006 1319 2054 Noluit

77 2083 157 2115 morer
183 2069 289 2130 corrupti
310 2070 413 2116 militurn
436 2070 621 2127 (lmsslunorum,
643 2070 684 2130 qui
717 2068 797 2127 itaque
808 2067 965 2127 perniciosum
983 2069 1013 2114 de
1029 2084 1054 2115 se
1071 2071 1206 2130 exemplum
1221 2072 1320 2131 posteris

77 2144 162 2180 cunm
173 2134 276 2180 nominis
286 2136 387 2181 Romani
395 2134 508 2181 honorem
515 2136 619 2182 serviant
629 2135 684 2182 hos·
716 2132 828 2192 relinqui,
839 2146 886 2192 quo
893 2132 1017 2193 disciplina
1026 2133 1141 2188 militaris,
1152 2134 1251 2196 ipsaque
1262 2139 1318 2183 rub·

76 2199 159 2253 ta‘bus3
176 2201 250 2246 Orodi
263 2200 403 2246 Parthorum
415 2200 475 2260 Regi
489 2200 561 2246 tidem
572 2210 596 2246 et
606 2215 683 2247 sacra·
717 2198 774 2244 inde
786 2197 929 2258 Respublica
940 2198 1063 2257 deperiret

76 2272 188 2310 mentum
206 2272 318 2325 prestare
336 2279 383 2311 nou
397 2268 538 2311 erubescant
554 2266 649 2313 Murrus
662 2272 686 2313 et
753 2262 790 2317 17.
813 2264 840 2309 Si
860 2278 904 2308 noa
921 2266 1009 2323 periret
1031 2266 1199 2311 immiserabilis
1222 2267 1320 2327 Captiva

76 2331 195 2391 Appulus,
204 2329 288 2390 optimi
301 2330 376 2377 ltalia
387 2332 518 2386 bellatores,
530 2339 556 2376 ut
567 2331 623 2378 alibi
633 2334 686 2392 jam
714 2325 808 2389 polea]
844 2328 877 2373 Ut
888 2343 944 2387 ergo
955 2336 1028 2374 totam
1039 2329 1154 2374 duntaxat
1166 2331 1190 2375 in
1199 2330 1285 2376 uirtute
1295 2339 1319 2376 et

78 2396 202 2441 annotari.
717 2392 789 2440 armis
806 2392 860 2438 rite
879 2407 944 2453 rpem
960 2394 1100 2440 collocarent
1114 2395 1208 2450 milites,
1227 2396 1319 2442 volebat

113 2459 153 2508 lt).
170 2461 321 2516 Arelliorum,
340 2461 444 2516 aminis,
465 2467 488 2507 et
507 2467 566 2523 togoe
587 2462 684 2516 Oblitus,
717 2458 818 2518 eos,qui
835 2472 886 2504 sese
901 2458 1014 2504 dedentes
1025 2459 1096 2504 vitam
1107 2462 1137 2504 ab
1148 2461 1215 2506 hoste
1230 2462 1318 2521 precati

78 2522 133 2586 ξι]
169 2525 318 2585 Dignitatem
336 2525 437 2572 nominis
450 2526 560 2581 Romani,
577 2541 650 2580 sacra,
661 2534 685 2572 et
717 2533 803 2578 essent,
819 2522 842 2570 ei
860 2524 977 2569 necandos
987 2523 1100 2584 permitti,
1116 2540 1159 2571 nec
1175 2541 1318 2585 quemquam

77 2589 222 2650 rdigionem
230 2591 415 2650 pemumdantea
444 2591 538 2637 Ancilla
545 2599 611 2637 scuta
618 2600 686 2637 erunt
717 2588 817 2634 redimi:
835 2588 899 2648 quod
910 2588 1005 2647 quidem
1019 2596 1130 2635 sanxerat
1140 2599 1165 2636 et
1177 2592 1242 2636 Plato
1253 2593 1275 2637 5.
1289 2593 1319 2637 de

16 2707 22 2722 Ι
78 2656 162 2702 brevis
183 2656 318 2711 duodecim,
335 2657 398 2702 dicto
414 2658 444 2702 ab
463 2656 557 2710 Ariciae,
579 2658 640 2717 quid
658 2672 685 2703 en
718 2653 836 2713 liepCic.
845 2652 1040 2700 uomenllt.
1060 2655 1235 2702 Octolrominum
1246 2657 1319 2702 millia

78 2736 146 2767 m
156 2721 187 2767 ab
197 2724 296 2781 uritque
304 2727 380 2780 parre,
393 2737 421 2768 uc
434 2722 504 2781 pelte
517 2722 637 2777 Thracum,
648 2724 684 2767 irr-
718 2720 810 2765 tenebat
818 2719 945 2772 Hannibal,
956 2734 999 2764 non
1008 2721 1093 2780 quaein
1103 2723 1152 2767 acie
1163 2723 1265 2781 cepisset,
1277 2728 1318 2767 out

78 2788 136 2840 ein,
153 2800 183 2832 ex
201 2786 308 2831 Varrone
327 2785 349 2832 6.
368 2786 398 2832 de
418 2785 487 2845 Ling.
506 2785 557 2832 Lat.
593 2787 685 2832 Horum
717 2785 757 2845 qui
764 2784 868 2844 periculo
878 2786 956 2830 mortis
970 2783 1123 2844 diffugissent,
1132 2787 1174 2831 sed
1188 2789 1228 2848 qai
1243 2787 1320 2833 relicti

79 2865 157 2897 rmum
164 2851 224 2897 ooelo
233 2851 346 2896 emissum
353 2850 385 2896 ibi
393 2851 441 2896 tore
450 2850 575 2911 imperium
582 2852 684 2911 aponde-
717 2851 742 2894 in
753 2850 835 2895 corbis
839 2845 949 2908 fuissent,
959 2849 1057 2894 aratu
1065 2856 1088 2895 et
1102 2849 1202 2898 Varrone
1214 2852 1318 2897 Consuli-

79 2917 135 2968 ως
153 2917 219 2975 quod
237 2931 268 2961 ne
284 2916 460 2976 dignosceretur
477 2931 503 2961 ac
519 2916 685 2975 surrlperetur,
719 2916 775 2960 bus:
792 2930 829 2960 eor
840 2914 936 2959 Senatus
952 2928 995 2958 nou
1012 2916 1098 2959 censuit
1109 2916 1257 2971 redimendos,
1267 2920 1319 2962 crim

79 2981 193 3027 undecim
205 2991 230 3026 et
240 2980 328 3026 similia
344 2980 451 3027 fabricari
469 2980 548 3027 Numa
561 2981 640 3041 jussit,
652 2981 684 3027 ri·
717 2980 744 3025 id
754 2983 830 3040 paror
842 2979 1000 3038 peerrnidfieri
1011 2980 1140 3038 potuissetr
1157 2985 1182 3025 ut
1192 2986 1251 3027 erret
1261 2982 1318 3027 irrei-

78 3048 179 3106 mntqm
190 3047 308 3092 omniain
319 3046 370 3092 tede
382 3046 466 3092 Martis
477 3046 578 3092 condiet
589 3046 685 3092 servari.
717 3050 765 3091 tum
782 3045 892 3090 militibus
907 3045 997 3097 nostris,
1013 3049 1054 3089 aut
1070 3046 1166 3098 vincere,
1184 3051 1225 3091 out
1241 3047 1318 3091 emori.

77 3111 181 3171 moure
196 3111 275 3156 Halic.
721 3110 772 3159 Qua
789 3110 878 3170 quidem
889 3123 914 3155 re
924 3110 1005 3154 audito
1016 3104 1110 3166 fractus
1122 3111 1211 3156 animur
1226 3110 1318 3156 Harmi-

112 3176 153 3223 11.
170 3177 321 3237 AEtemaeque
334 3172 428 3236 Veste]
446 3175 511 3235 Ignis
520 3175 584 3222 illius
595 3176 685 3232 aeterni,
718 3175 784 3228 tato,
795 3176 856 3235 qaod
866 3175 963 3220 motus
973 3173 1002 3219 P.
1016 3174 1043 3223 Q.
1054 3174 1084 3220 lt.
1095 3175 1163 3221 rebar
1173 3176 1264 3234 afflictis
1272 3181 1318 3221 tara

74 3242 120 3301 qui
142 3242 167 3288 in
187 3241 268 3287 Verte
287 3241 375 3301 templo
396 3242 496 3287 debebat
515 3245 529 3286 tr
549 3241 686 3300 Virginibur
718 3241 804 3286 excelso
814 3241 889 3285 animo
891 3236 986 3300 firiaset.

76 3307 219 3354 Vestalibus
225 3306 346 3361 custodiri,
353 3314 379 3351 ut
386 3305 517 3367 imperium
524 3306 606 3352 Romu
613 3314 687 3353 staret
753 3302 791 3350 18.
808 3305 880 3367 Signa
897 3320 939 3365 ego
955 3303 1057 3358 Panicic,
1074 3299 1139 3363 dre}
1162 3303 1220 3349 Haec
1232 3304 1318 3364 Reguli

74 3379 233 3434 perpetuum.
252 3371 350 3432 Dionya
363 3370 526 3417 naucum.
560 3371 609 3417 Cic.
620 3373 644 3418 2.
656 3372 686 3418 de
718 3371 790 3415 verba
804 3377 866 3424 sunt,
884 3369 1025 3414 ullumcum
1039 3368 1146 3414 hortibus
1159 3377 1253 3427 pactum
1270 3369 1318 3414 dis-

77 3437 196 3498 Legibus,
212 3436 319 3497 Virgines
332 3436 534 3483 Vestalerinurbe
545 3438 687 3484 crutodianto
718 3435 840 3480 suadentis
864 3433 890 3479 in
917 3434 1021 3479 Senatu:
1047 3435 1188 3493 ostensoque
1215 3434 1319 3480 militum

76 3505 155 3565 igne·
158 3499 214 3562 foci
220 3502 309 3562 publici
319 3504 485 3562 sempiternum.
513 3500 578 3561 Virg.
590 3501 685 3548 AEneid.
718 3498 831 3545 inertium
842 3498 982 3558 indignitate
999 3504 1023 3543 et
1038 3497 1134 3543 honoris
1146 3498 1247 3544 Romani
1258 3500 1319 3555 labe,

77 3568 210 3614 dmm
719 3578 813 3610 omnem
835 3578 892 3622 erga
910 3562 963 3608 illoc
983 3561 1149 3608 misericordiae
1173 3578 1269 3610 sensum
1289 3579 1318 3610 ex

151 3665 243 3678 ......
253 3631 533 3693 Vigilemqueracrooerot
547 3632 622 3692 ignem
718 3629 799 3674 animo
814 3629 954 3674 Senatorum
972 3641 1080 3673 amovere
1097 3629 1232 3688 cumgentis.
1267 3630 1319 3690 Ego

147 3697 268 3743 Excubiae
278 3697 363 3742 Dicitur
373 3702 471 3743 ater-rrae
475 3729 562 3743 ......
719 3693 776 3746 vidi,
794 3693 879 3753 inquit,
894 3693 962 3751 signa
979 3692 1087 3739 Romana
1096 3693 1201 3740 hostium
1215 3695 1319 3741 delubris

115 3763 153 3809 12.
166 3763 281 3808 Incolumi
287 3762 371 3808 dorcet
379 3758 534 3821 urbeltomd]
553 3761 577 3806 Si
589 3761 686 3820 quidem
718 3759 797 3812 affixa,
808 3759 857 3804 ridi
868 3772 934 3803 arma
944 3757 1035 3817 ignaris
1048 3757 1095 3803 illis
1105 3758 1220 3806 militibus
1230 3768 1319 3820 erepta,

81 3828 160 3874 Romu
171 3842 221 3873 non
236 3826 320 3872 suisset
329 3826 438 3887 amplius,
449 3826 560 3887 culpandi
571 3830 627 3872 sant
638 3840 685 3871 non
718 3839 760 3884 per
772 3838 825 3884 quae
836 3830 915 3869 tamen
932 3823 1005 3868 vitam
1021 3837 1114 3870 servare
1131 3832 1155 3869 et
1171 3826 1231 3871 tueri
1243 3826 1318 3871 debu-

79 3902 169 3947 eseent,
188 3892 230 3950 qui
248 3892 312 3951 apud
329 3900 421 3937 exteros
437 3893 518 3937 sedern
535 3899 558 3936 ct
573 3891 686 3937 familiam
718 3889 803 3942 issent3
821 3888 869 3934 vidi
877 3888 938 3934 cives
946 3888 1065 3934 Romanor
1074 3889 1158 3936 vinctis
1166 3900 1219 3950 post
1227 3899 1319 3950 tergum

79 3959 192 4016 figerent.
228 3957 261 4002 At
270 3965 347 4002 stante
358 3957 423 4003 Urbe
439 3965 463 4001 et
480 3956 613 4016 Capitolino
628 3956 687 4003 love
719 3955 829 4000 manibus
850 3954 936 3999 soedam
956 3953 1094 3999 servitutem
1113 3955 1220 4013 gloriosae
1242 3955 1321 4011 morti,

80 4023 207 4069 Romanos
217 4030 364 4082 protegente,
376 4021 480 4067 barbaris
497 4035 583 4067 nomen
597 4027 621 4067 et
635 4036 686 4067 ma·
720 4020 784 4078 quod
795 4019 861 4065 nefas
871 4018 989 4077 ingenuis,
999 4020 1168 4079 anteposuisse.

78 4103 128 4134 nus
139 4089 208 4140 dare,
218 4087 263 4133 hoc
273 4092 337 4132 certe
348 4088 486 4146 probrosum
499 4086 613 4132 Romania
624 4086 687 4131 mili·
754 4083 792 4131 19.
809 4085 886 4142 Affira
896 4080 1018 4144 delubria]
1053 4085 1090 4130 Ex
1107 4100 1172 4131 more
1187 4085 1268 4142 veteri,
1279 4085 1321 4145 qul

78 4154 154 4199 num,
720 4149 851 4194 etiamnum
862 4148 926 4207 viget
941 4149 1005 4208 apud
1020 4150 1096 4196 varias
1107 4150 1227 4198 nationes:
1245 4159 1272 4195 ut
1288 4149 1322 4196 sic

116 4217 155 4264 la
168 4217 222 4264 Hoc
231 4223 324 4263 caverat
334 4232 396 4262 arear
404 4217 501 4276 procido
512 4212 617 4276 Reguli]
636 4216 688 4261 lloc
719 4225 816 4273 occepta
827 4213 878 4259 Deo
888 4213 985 4259 victoria
994 4214 1116 4260 referatur.

76 4283 175 4343 grande
198 4283 288 4328 malurn
307 4284 453 4341 precavebat
474 4282 507 4326 M.
530 4281 628 4327 Attilius
649 4279 688 4327 ille
753 4280 794 4325 aa
812 4278 938 4340 Portarpue
956 4294 999 4324 noa
1017 4280 1115 4335 clareas,
1130 4278 1182 4343 ln]
1224 4279 1277 4324 vidi
1298 4286 1323 4325 et

80 4349 203 4407 Regulus,
220 4349 291 4408 primi
310 4346 393 4393 Punici
409 4348 461 4393 belli
477 4347 554 4407 gloria
570 4347 689 4407 cladesque
721 4343 872 4402 Carthaginis
883 4349 961 4403 portas
972 4357 1020 4403 prae
1030 4345 1156 4391 securitate
1168 4360 1215 4392 non
1225 4344 1323 4398 daucus,

77 4417 193 4468 mrim,
211 4411 484 4458 utaitValer.hlaxim.
502 4411 580 4456 libb.
598 4426 649 4471 cap.
666 4410 689 4456 i.
722 4410 787 4455 velut
809 4409 833 4454 in
855 4408 934 4453 medii
954 4423 1025 4469 pacee
1056 4412 1116 4456 adeo
1142 4410 1223 4472 procul
1243 4409 1326 4455 aberat

77 4477 258 4538 qundorerldi
267 4491 310 4536 pro
317 4490 342 4521 re
349 4476 691 4536 captivosCerthaginiensium
723 4474 800 4521 omnis
809 4481 886 4519 metus
897 4473 996 4529 hostilis,
1007 4483 1060 4534 post
1069 4475 1161 4521 cladem
1172 4471 1245 4520 nostri
1255 4483 1324 4518 exer-

78 4544 175 4590 veniit:
195 4543 295 4586 timebat
309 4556 394 4602 nempe
412 4556 442 4588 ue
459 4555 525 4602 spem
536 4541 591 4587 vitre
605 4540 692 4586 milites
724 4540 792 4594 citus,
804 4552 919 4598 agrosque
931 4537 1004 4584 ubere
1016 4540 1085 4592 arari,
1096 4540 1157 4585 coli:
1177 4551 1235 4597 quos
1246 4545 1326 4584 tamen

78 4606 691 4668 ignoviponerentincaptivitate‚ndc6queremir·
724 4605 796 4666 paulo
814 4607 869 4649 ante
889 4603 961 4648 armis
980 4604 1084 4662 populati
1102 4603 1230 4651 irroramur.
1267 4602 1328 4650 Flor.

81 4674 134 4719 aius
146 4674 173 4718 in
186 4672 237 4718 acie
250 4671 396 4726 dimicarent,
407 4687 434 4719 ec
443 4671 526 4718 mortio
537 4677 602 4718 metu
613 4671 644 4717 ad
655 4670 691 4717 fu·
725 4670 765 4716 lib.
778 4670 801 4715 2.
813 4683 863 4727 cap.
875 4669 898 4714 2.
916 4667 950 4714 M.
968 4668 1052 4713 Attilio
1067 4668 1158 4726 Regulo
1175 4671 1230 4716 rlrrcc
1240 4664 1292 4724 jam
1307 4672 1331 4715 lu
