3059 4984
328 241 658 311 EPISTOLARUM
685 247 827 315 LIBER
851 251 878 317 1.
905 254 954 319 17.
1188 259 1254 325 ⁶19

61 376 150 455 'silet
161 379 340 465 Aristippus.
386 382 421 446 Si
432 383 525 447 sciret
538 404 572 447 re
595 384 734 464 buruli,
789 387 977 453 necemus.
1001 393 1090 441 stcum
1100 397 1252 456 memfibos

61 458 202 533 lastidiret
214 465 290 543 olus,
305 469 359 552 qni
374 490 423 533 me
438 480 533 534 notat.
611 472 686 535 trius
701 471 812 573 horum
840 455 1250 583 ffiffiesstluluffiffi

59 546 144 616 Verba
156 554 261 637 probes
274 566 306 618 et
319 555 409 631 iacta,
426 554 522 633 doce;
544 555 593 621 vel
608 558 715 643 junior
729 559 813 638 audi,
840 600 893 633 mm
918 587 981 634 arcu
1001 588 1109 649 neuque
1130 592 1249 652 pestem,

58 634 109 703 tin
120 639 156 702 sit
167 639 311 725 Aristippi
324 642 427 724 potior
440 644 601 707 sententia.
646 642 791 728 Namque
839 650 892 705 dici
907 652 1032 712 veriuntur
1043 656 1155 712 aucun,
1166 672 1251 718 quam-

57 720 212 797 llordseem
227 724 376 810 Cynicum
390 729 434 793 sic
449 726 603 810 eludebat,
617 742 652 795 ut
664 731 771 795 aiunt:
839 718 1033 831 gbfiimoenfflg
1051 719 1158 831 'iffi'
1174 722 1249 833 ΟΛᾞ·

56 804 164 874 &inor
186 833 243 896 ⁹8⁰
269 814 336 898 ipse
358 813 583 900 mihi,p0pu10
605 829 650 881 tu.
696 815 826 883 Rectius
838 796 893 892 cdl
909 799 1013 895 ands
1030 849 1063 895 n,
1078 799 1209 907 rudini
1222 860 1250 900 ii

160 896 215 962 hoc
228 910 260 963 et
669 901 745 986 [alat
758 925 825 969 rex,
839 911 963 971 inquiunt:
981 914 1033 973 Ego
1049 914 1107 963 mihi
1121 915 1172 976 ipse
1183 932 1248 963 scur-

54 978 226 1128 Apiendidius
254 984 353 1050 multb
378 996 436 1063 est,
466 1008 564 1071 equus
587 998 621 1052 ut
642 1010 692 1054 me
713 1001 825 1075 portet,
839 984 994 1088 pungam
1009 980 1142 1054 eripient
1175 983 1249 1058 “i“

862 1046 908 1101 nge
919 1050 996 1103 potius
1012 1044 1071 1090 illud
1087 1054 1112 1092 et
1128 1046 1249 1095 honestius

76 1066 285 1169 fficium'saclm
308 1085 342 1136 tu
355 1074 457 1156 poscis
472 1073 545 1137 villa
559 1096 670 1173 terimi,
784 1078 823 1143 2¹
838 1115 881 1162 est,
892 1114 918 1153 ut
928 1123 966 1153 me
982 1109 1052 1155 vehet
1067 1124 1150 1169 equus,
1166 1120 1191 1159 et
1206 1128 1248 1161 rex

52 1150 134 1218 Dante
143 1178 254 1234 minor3
272 1160 410 1242 quamvis
424 1158 486 1223 iers
501 1173 531 1223 te
547 1159 662 1225 nuliius
673 1175 824 1246 egentem.
838 1172 934 1219 „urnac
966 1173 1018 1234 liei
1034 1175 1173 1235 obsequium
1187 1193 1248 1238 irr-

52 1238 140 1304 Omnis
148 1241 338 1328 Aristippum
349 1245 452 1309 decuit
461 1244 558 1326 color,
566 1262 598 1310 et
610 1258 755 1326 status,et
763 1270 824 1327 res,
837 1244 933 1348 5⁸¹2!ssss
941 1238 1128 1350 ffflgil’ffl·
1145 1242 1248 1289 d⁰¹¹¹¹²²⁰

942 1336 947 1355 2
1099 1320 1132 1352 cis
1148 1314 1170 1353 te
1181 1309 1247 1355 nutis
1264 1339 1267 1345 »

50 1322 69 1433 A*
68 1339 207 1429 errantem
221 1331 430 1431 majorapiere
446 1334 650 1432 praesentibus
664 1357 796 1418 aequum.
836 1382 861 1413 η
872 1367 985 1426 mim,
1010 1369 1157 1430 Aristippum
1168 1372 1247 1419 decuit

50 1424 152 1491 uentra,
166 1437 257 1498 quem
274 1417 388 1501 duplici
403 1440 506 1503 panno
521 1421 669 1503 patientia
688 1419 779 1498 velat,
837 1432 936 1491 quilibet
947 1433 1048 1488 nautius,
1061 1442 1084 1480 ²1
1095 1436 1205 1492 0⁰¹¹dffl⁰2
1222 1445 1247 1485 ‘²

49 1495 173 1574 ilirabor,
189 1503 259 1566 ritae
274 1505 323 1567 via
337 1504 363 1567 si
378 1525 526 1568 conversa
539 1506 670 1571 decebit.
781 1506 824 1570 26
837 1496 943 1573 smum,
959 1499 1085 1548 duserensi
1093 1500 1197 1557 m²¹¹⁰¹⁸i
1205 1504 1247 1584 “A

836 1565 990 1622 presentibus
1000 1573 1123 1611 contentus
1131 1573 1189 1613 erat.
1224 1568 1244 1613 h

49 1581 112 1648 liter
125 1607 313 1672 purpureum
327 1612 390 1654 non
401 1593 591 1675 exspectabit
604 1593 747 1657 amictum
759 1619 768 1670 ;
835 1628 959 1683 comio,
974 1644 1045 1688 quem
1061 1631 1185 1677 tolerantia
1200 1632 1245 1677 du.

48 1668 183 1740 duidlibet
196 1676 326 1739 indutus
340 1675 538 1742 celeberrima
551 1701 607 1763 per
622 1677 690 1744 loca
705 1681 806 1756 vadet,
835 1692 889 1752 plici
901 1693 977 1754 operit
988 1703 1059 1747 veste,
1073 1695 1244 1752 demiratione

46 1754 250 1844 dersonamque
265 1761 413 1827 ieretnon
425 1765 628 1828 inconcinnus
642 1777 820 1850 utramque:
835 1757 889 1868 iffi
912 1773 987 1817 ΨΜ
1011 1759 1130 1835 diversum
1155 1762 1244 1851 ‘iffi

891 1838 902 1867 r
922 1838 969 1869 non
991 1827 1135 1884 exspectabit
1155 1835 1244 1873 testem

46 1840 109 1906 ilter
122 1844 222 1912 Mileti
239 1858 358 1913 textam
372 1870 448 1914 cane
462 1850 552 1935 pejus
566 1862 598 1915 et
613 1873 714 1935 angue
779 1852 822 1916 30
834 1902 991 1947 purpuream
1008 1892 1245 1949 eiquscunqmves-

834 1952 890 1997 titus
902 1952 945 1998 ibit
960 1968 1002 2013 per
1019 1954 1069 1999 loca
1082 1956 1185 2001 maxime
1197 1957 1242 2002 ire·

45 2016 134 2066 tenuis,
144 2026 186 2058 nec
202 2013 316 2074 illepidus
326 2014 450 2061 sustinebit
464 2016 527 2062 hunc
542 2015 656 2076 illumque
670 2015 792 2063 habitum:
808 2017 868 2063 niter
883 2017 1001 2064 Milesiam
1011 2019 1159 2079 chlamydem
1170 2020 1246 2081 lugiet

44 2072 76 2118 lit
84 2078 145 2136 qens
155 2093 239 2125 canem
248 2088 293 2126 sut
303 2088 436 2140 serpentem
445 2098 451 2135 ;

500 2170 768 2218 ANNOTATIONES.

57 2240 89 2288 it
103 2243 214 2309 Aristip]
227 2248 268 2293 De
278 2248 558 2308 superuiueret&
571 2251 613 2296 &n
678 2248 717 2295 ea
737 2250 815 2295 Osiriis
835 2250 980 2309 Aristippum
1000 2252 1076 2297 decuit
1100 2252 1167 2305 color,
1188 2249 1241 2312 An]

56 2304 86 2353 itt
101 2309 232 2359 Hordacers
245 2310 378 2374 Cyris'cisrsA
411 2314 495 2374 Cynici
509 2315 613 2375 philoso-
648 2314 741 2359 Laertio
758 2321 825 2369 teste,
837 2314 996 2360 conformabat
1013 2331 1038 2361 se
1056 2315 1188 2376 Aristippus
1199 2331 1241 2377 sp-

41 2370 455 2434 hernioresiinrisineninsoenint
463 2381 614 2427 mordacitate
646 2379 735 2425 tissime
746 2380 777 2424 ad
787 2393 882 2425 ornnem
892 2379 946 2425 vitre
957 2380 1066 2425 humana
1076 2380 1242 2437 conditionem,

39 2438 238 2501 ieappelisti‚qubd
249 2443 276 2489 in
283 2457 359 2489 mores
366 2445 488 2490 hominnm
495 2445 612 2492 nullodis·
645 2446 675 2489 sd
692 2445 777 2500 iocum,
794 2452 894 2504 tempus,
911 2452 935 2491 et
951 2460 1074 2504 personam
1090 2460 1140 2491 sese
1151 2461 1242 2492 acconi-

39 2501 108 2550 imine
116 2504 296 2554 inveherentur.
321 2509 386 2559 Quos
397 2510 459 2555 inter
470 2510 545 2556 eluxit
555 2511 612 2556 Dio-
644 2511 758 2556 modsns:
776 2509 908 2569 siebstque
924 2518 993 2570 turpe
1009 2525 1060 2556 esse
1070 2518 1094 2556 et
1106 2511 1178 2566 nciss,
1194 2527 1241 2559 non

39 2581 83 2613 ines
98 2569 136 2615 iile
146 2572 265 2631 Cynicus,
276 2573 399 2630 doliceus,
411 2575 435 2620 in
447 2590 494 2635 qno
505 2576 612 2633 degebat,
644 2575 791 2634 acquiescere
802 2574 964 2635 presentibus,
973 2583 998 2622 et
1007 2576 1060 2636 pius
1069 2590 1161 2637 semper
1169 2592 1241 2638 eppe-

40 2631 114 2689 iiehn's,
130 2636 220 2683 rictum
238 2639 266 2684 in
282 2639 387 2698 singulos
400 2640 450 2686 dies
465 2641 612 2688 emendicare
644 2646 700 2685 tere.

39 2696 97 2753 litus,
114 2700 218 2762 hincque
236 2704 315 2750 dictus
332 2701 473 2767 ἡμερόβως.
507 2706 611 2752 Alexan·
676 2705 714 2751 25.
733 2704 1007 2765 Contraque-saunier,
1022 2700 1074 2766 Aa]
1109 2706 1243 2767 Aristippus

39 2776 78 2807 i111¹
89 2779 201 2826 mgnum
212 2768 357 2815 invisentem
372 2771 412 2815 vir
428 2770 515 2830 alioqui
526 2771 611 2829 digna-
643 2767 668 2814 in
679 2768 743 2815 omni
754 2776 816 2814 statu
828 2770 911 2814 decore
922 2783 947 2814 se
958 2769 1026 2826 gerit,
1043 2778 1092 2814 tarn
1108 2769 1132 2815 iii
1149 2772 1240 2831 opibus,

40 2842 58 2879 ⁸,
72 2829 92 2873 ei
108 2845 132 2876 se
149 2834 319 2881 admirabilem
336 2835 443 2894 prebuit.
483 2836 521 2881 Ad
537 2850 611 2881 annos
643 2838 715 2892 qntm
737 2833 761 2878 in
783 2833 878 2892 inopidr
903 2841 927 2877 nt
943 2848 990 2878 non
1007 2834 1041 2879 ita
1058 2833 1182 2892 Diogenes,
1200 2836 1239 2894 qui

40 2897 80 2952 ope
90 2899 222 2957 nonaginta
233 2900 366 2946 consenuit.
388 2901 448 2947 Plut
462 2900 539 2946 La'e'rt.
551 2900 610 2947 Vide
642 2898 710 2958 inops
726 2898 823 2957 quidem
834 2898 945 2957 preclare
956 2897 1012 2955 agit,
1023 2905 1048 2943 st
1060 2898 1100 2943 vis
1115 2898 1176 2945 inter
1186 2915 1241 2959 opes

40 2972 63 3001 iv.
76 2961 121 3007 Sst.
134 2962 172 3010 1⁴.
185 2979 208 3010 s.
221 2962 280 3011 nil.
642 2964 735 3009 credam
753 2977 783 3008 ex
800 2963 883 3008 decoro
894 2971 918 3007 et
929 2961 1014 3007 virtute
1026 2970 1139 3009 setarum.
1174 2964 1240 3011 Plato

47 3021 79 3069 ¹9·
95 3028 194 3075 Scsrror
205 3046 251 3091 ego
261 3032 309 3090 ipse
319 3027 395 3091 nait]
430 3031 482 3089 ligo
492 3031 611 3077 mesnisd
642 3028 739 3086 quidem
750 3027 783 3073 itii
792 3029 821 3073 de
833 3027 954 3087 Aristippo
964 3027 1086 3072 sentiebat

39 3086 129 3137 ilitstem
139 3095 242 3153 regibus
254 3110 292 3141 me
302 3105 395 3155 gratum
405 3106 504 3156 prsrsto:
522 3104 547 3142 tu
558 3100 610 3142 uerti
677 3096 747 3144 Quem
768 3095 855 3153 duplici
873 3108 949 3152 potino
967 3095 1082 3152 patientia
1100 3094 1167 3145 velot,
1186 3090 1238 3155 Ac]

40 3157 121 3214 populo
127 3159 299 3206 admirabilem
307 3161 404 3207 exhibes
413 3176 454 3221 per
461 3161 548 3206 victum
557 3160 610 3206 ino·
644 3157 776 3219 Descriptio
784 3166 819 3204 est
826 3172 868 3203 sen
875 3157 1017 3218 periphrasis
1027 3157 1139 3215 Diogenis
1149 3159 1239 3217 Cynici,

40 3223 200 3269 metdurum.
240 3226 313 3284 Atqui
330 3234 419 3285 quanto
435 3240 475 3271 rer
492 3226 561 3285 plebe
574 3233 610 3271 est
642 3223 672 3268 de
690 3237 738 3283 qno
756 3224 834 3269 baert.
867 3224 976 3277 Petilium,
998 3230 1023 3269 ut
1043 3225 1121 3269 uolunt
1139 3225 1239 3284 quidese,

39 3284 155 3333 cellentior
173 3296 247 3335 tanto
263 3291 356 3337 ridetur
371 3291 455 3337 melius
472 3290 522 3349 regi
538 3294 610 3349 quam
639 3290 727 3347 primus
743 3289 885 3348 duplicaturi
894 3290 975 3334 babuit
985 3289 1009 3334 iii
1020 3304 1069 3341 asir,
1087 3295 1134 3333 turis
1146 3294 1239 3348 propter

39 3352 88 3407 puio
103 3354 243 3411 gratiosum
260 3370 317 3401 esse.
363 3355 399 3401 ita
417 3356 526 3402 censebat
543 3355 608 3402 Aris-
634 3350 1141 3414 frigiss‚tunsuteossdorrniensirivolceret.

40 3426 124 3471 punct
140 3432 199 3464 cum
211 3434 243 3465 eo
255 3422 419 3481 nosterpo'e'ts.
453 3421 504 3466 Vox
517 3435 608 3467 scurror
672 3418 711 3472 27.
728 3420 797 3464 Alter
808 3434 1072 3478 psrpureumuonessp.
1084 3415 1136 3480 Ae]
1172 3417 1237 3463 Aris·

40 3494 48 3523 i
60 3482 100 3527 Sat
110 3482 133 3529 A
147 3484 191 3530 lib.
204 3486 232 3530 2.
640 3482 727 3543 cippus,
744 3484 764 3529 si
780 3484 841 3529 desit
853 3484 923 3529 restis
934 3498 1059 3543 purpureo,
1070 3484 1118 3542 quA
1129 3482 1163 3529 uti
1175 3483 1241 3539 solet,

39 3544 71 3590 tn.
88 3548 173 3609 uqsue
191 3556 220 3595 iit
238 3565 273 3595 irie
289 3556 373 3609 portet,
390 3551 440 3596 slot
455 3547 516 3611 ren]
551 3551 607 3597 Pro·
640 3548 691 3595 sine
703 3551 769 3594 mord
779 3548 863 3594 induet
874 3548 1002 3609 quamlibet
1014 3548 1127 3603 viliorem,
1143 3562 1187 3593 nec
1198 3563 1237 3593 ic-

39 3611 321 3673 tumamoris
329 3616 431 3674 quisdam
440 3614 565 3674 inqulnnt;
582 3616 607 3662 in
640 3614 730 3660 rebitur
741 3628 859 3674 pannosus
867 3613 1125 3673 prodireinpublicum.
1150 3614 1239 3659 Contrt

39 3676 159 3736 ijuvenis
177 3679 275 3725 militiis
296 3679 418 3739 ascriptus,
439 3682 494 3725 chm
514 3681 545 3726 sd
565 3696 607 3741 pe·
641 3679 759 3738 Diogenes
769 3679 898 3739 pretiosum
914 3678 1025 3723 sunctum
1036 3677 1132 3725 omnino
1143 3693 1237 3725 recuss-

40 3741 92 3787 dom
109 3744 258 3790 missionem
274 3744 307 3789 ini
338 3745 442 3799 lleretnr,
453 3746 558 3791 abnuens
570 3760 605 3791 re·
639 3743 687 3795 hit;
705 3758 731 3789 sc
746 3744 766 3789 si
784 3742 886 3789 defuerit
896 3742 948 3788 vilis
959 3742 1002 3788 sibi
1014 3751 1146 3799 consuetus,
1158 3745 1237 3790 nudus

40 3806 99 3861 sidit,
117 3803 211 3864 ἵππος
232 3823 263 3871 με
313 3823 357 3872 pes,
374 3806 498 3869 βασιλιῦς
519 3805 606 3872 rpipst,
638 3807 998 3867 malletcnnsisterefsclrignre
1009 3807 1098 3855 confici.

40 3887 64 3917 ss
74 3888 110 3919 sie
118 3880 217 3934 portat,
233 3889 274 3921 res
284 3876 345 3922 siit.-
362 3890 410 3936 qiiu
424 3875 513 3921 scilieet
528 3884 606 3921 osten·
670 3874 709 3921 29.
726 3874 893 3935 Personnriiqiie
902 3870 967 3934 feret
983 3889 1026 3919 riori
1043 3871 1141 3934 inesse]
1178 3874 1234 3921 Plu·

40 3946 64 3980 et
75 3938 139 3984 bene
151 3939 202 3985 sibi
215 3954 274 3985 esse.
637 3939 710 3984 tsrcn.
723 3940 788 3985 Orat.
801 3937 823 3985 l.
834 3940 863 3985 ds
874 3939 968 3985 fortunii
985 3946 1009 3985 et
1026 3939 1112 3986 iirtuts
1129 3940 1235 3987 Alexan·

39 3997 65 4045 il.
86 4004 198 4060 ΟΜω
211 4001 294 4064 sotio:
319 4011 344 4051 ts
360 4007 442 4065 poscis,
461 4001 513 4067 An]
555 4005 606 4063 Ego
638 4003 689 4057 dri;
706 4003 854 4064 Aristippum
868 4004 991 4058 mirantur,
1008 4003 1092 4063 inquit,
1106 4006 1168 4065 quod
1186 4014 1235 4051 tam

39 4067 175 4114 undosum
184 4069 285 4128 regibus
293 4070 415 4124 exhibens,
423 4070 548 4117 honesturn
557 4071 605 4116 ric·
638 4068 678 4113 vili
697 4069 769 4128 pallio
786 4074 858 4128 quam
879 4069 971 4115 ltliiesid
988 4070 1111 4131 chlamyde
1123 4080 1199 4125 utens,
1210 4070 1235 4116 in

39 4147 43 4174 i
64 4134 216 4179 nanciscor:
243 4142 269 4180 tu
288 4143 367 4181 sutem
389 4136 477 4181 nuliius
497 4144 605 4195 egentem
638 4138 1077 4195 utroquetuebsturpersnnnnisusni.

39 4210 62 4241 es
81 4198 149 4253 iicet,
170 4198 232 4245 vilis
249 4209 328 4246 tamen
339 4201 482 4256 mendicans,
499 4210 522 4247 te
540 4200 605 4246 danii
669 4198 708 4245 30.
720 4197 810 4260 Alter]
829 4200 946 4259 Diogenes
954 4200 1056 4247 sordidis
1063 4200 1133 4247 vestis
1141 4199 1236 4258 pluscu-

41 4262 93 4319 icis,
105 4265 177 4324 qnod
190 4264 270 4310 mnitb
280 4273 316 4311 est
327 4264 454 4325 indignius.
638 4263 687 4309 inm
698 4272 777 4309 tenax.

40 4328 89 4374 ilio
111 4344 209 4383 rerum,
233 4331 310 4377 Dente
331 4328 425 4391 mim]
460 4330 498 4376 Sic
519 4329 608 4376 hahent
672 4330 750 4376 Mileti
760 4325 866 4389 textoris]
901 4329 938 4375 liii
955 4328 1045 4389 optimi
1055 4326 1237 4381 ianAdbliletn

39 4392 71 4438 nii
84 4393 203 4439 codices:
224 4397 287 4454 qnod
295 4396 606 4455 eiegaudnaetmsgislio·
640 4396 697 4440 urbe
715 4395 788 4441 lonioe
802 4396 883 4440 sersus
900 4395 975 4440 Carisi
993 4394 1058 4447 lines,
1074 4391 1137 4450 apud
1155 4391 1237 4439 Asiam

39 4473 121 4514 snum,
135 4460 282 4519 qndmists,
642 4460 767 4515 Minorem,
778 4459 848 4506 hodie
860 4460 966 4506 Melnsso.
1001 4458 1046 4503 Ubi
1055 4454 1172 4501 molliores
1180 4472 1237 4503 con·

91 4556 228 4571 ........
234 4532 259 4571 ts
269 4529 343 4585 poscis
356 4527 420 4581 silis,
431 4531 509 4574 mitis
520 4542 544 4573 es
641 4532 717 4571 textas
728 4526 784 4571 oiim
795 4526 931 4585 chlamydes
942 4525 967 4570 in
977 4530 1136 4568 matronarum
1148 4521 1240 4571 deliciis

39 4584 138 4636 'Dante
151 4591 239 4647 m,
250 4592 288 4653 Ac.
641 4589 741 4647 liabitas,
750 4591 816 4637 testis
828 4590 893 4649 Virg.
904 4591 988 4646 Georg.
1000 4586 1022 4633 {ii
1036 4600 1057 4631 i.
1067 4584 1125 4633 306.

406 4657 427 4718 8
