3059 4984
433 248 497 314 DE
520 248 644 314 ARTE
668 247 882 315 POETICA.
1216 255 1278 320 571

35 385 176 467 )ifficilc
190 396 238 452 est
251 385 376 472 proprie
391 387 568 452 communia
581 386 701 451 dicere:
718 399 815 471 tuque
865 388 975 466 marom
996 398 1042 467 eo
1056 388 1194 437 mummia
1218 391 1283 469 loqur

35 472 170 540 lecticis
187 473 317 539 Iliacum
331 494 455 538 carmen
470 472 599 538 deducis
613 474 647 537 in
661 482 760 551 actus,
864 456 1284 569 {ffinffguggmffqu‘effluffi

35 561 144 634 Quam
161 560 188 624 si
204 558 357 644 proferres
371 561 479 644 ignota
493 560 670 644 indictaque
685 561 814 644 primus.
865 584 941 631 nar.
966 584 992 630 in
1019 535 1160 645 mgfflm
1182 587 1283 646 „edim

35 646 171 712 ?ublica
186 647 329 711 materies
344 647 455 731 privati
467 644 547 729 juris
562 647 631 720 erit,
647 646 673 709 si
791 647 847 710 131
864 653 937 708 quam
964 650 985 695 si
1007 650 1114 696 inaucta
1139 658 1164 696 es
1183 650 1283 698 minime

35 734 105 799 ‚lec
121 735 206 798 circa
218 730 310 796 vilem
325 730 528 816 patulumque
544 732 712 796 moraberis
725 733 851 811 orbem;
865 714 965 825 ἓξὲξ
976 714 1283 840 fflffga‘dffiemfffl

35 819 106 885 >lec
121 820 253 883 uerbum
267 819 362 882 verbo
377 818 499 882 curabis
514 817 645 882 reddere
660 817 742 882 lidus
865 843 968 904 propris,
995 844 1015 889 si
1038 859 1082 890 nec
1111 843 1200 890 uerear
1221 846 1284 892 erres

35 907 217 990 interpres3
234 926 291 969 uec
307 903 432 968 desilies
447 903 583 968 imitator
597 905 628 967 in
641 915 772 982 arctum,
866 908 937 954 mem
953 909 1067 955 casuum
1084 912 1225 956 eroaricus
1241 924 1283 970 es·

35 990 134 1057 Unde
149 991 261 1077 pedem
276 989 415 1075 proferre
435 989 537 1074 pudor
555 1000 649 1068 vetet,
674 1001 729 1055 aut
748 991 852 1075 operis
865 975 1283 1098 {ilgrng’nffffeffssffigfssbfnss}

169 1076 232 1141 lex·
792 1077 853 1141 135
865 1117 934 1163 pres:
960 1110 1077 1163 praterea
1103 1118 1148 1150 uec
1169 1104 1285 1151 imitando

35 1163 107 1229 Nec
125 1164 171 1228 sic
185 1162 325 1245 incipies,
338 1171 374 1225 ut
386 1160 519 1245 scriptor
533 1161 669 1246 cyclicus
684 1161 778 1226 olim:
866 1168 977 1228 cony'ieias
988 1177 1012 1214 te
1023 1168 1048 1245 ip
1059 1169 1188 1227 suffusa,
1205 1168 1284 1229 equi·

35 1252 213 1316 Fortunam
228 1246 345 1312 Priami
359 1249 502 1326 cantabo,
517 1258 549 1312 et
565 1247 670 1313 nobile
685 1247 812 1315 bellum.
866 1235 1284 1357 ξζζζῇξῇζὲᾙᾞῗζέἑᾚῦ
1321 1294 1324 1300 .

35 1363 117 1410 asinis.
152 1361 204 1408 Nec
219 1359 318 1422 incipies
334 1360 396 1407 sicut
411 1360 468 1406 olim
484 1360 555 1421 polita
570 1360 687 1421 cyclicus:
705 1361 832 1408 Fortasaas
843 1362 933 1410 Priasss'
948 1364 1053 1419 cantabo,
1070 1370 1093 1411 st
1109 1365 1183 1411 nobile
1194 1365 1283 1411 bellam

529 1524 799 1573 ANNOTATIONES.

35 1652 128 1699 deinde
139 1655 202 1707 verb,
213 1650 306 1698 Achille
321 1665 364 1711 pro
375 1651 403 1696 ei
414 1656 535 1705 exorante.
552 1650 645 1697 animo·
678 1651 755 1711 legem
767 1650 868 1711 turpiter
886 1650 979 1710 ignoret
994 1659 1037 1697 aut
1052 1652 1187 1701 confundat
1221 1655 1285 1701 Sciat

35 1733 90 1769 ram
111 1716 224 1763 exhibeat
244 1731 270 1762 se
291 1719 388 1776 repente
409 1715 519 1774 dicatque
538 1725 646 1776 paratam
679 1731 736 1776 ergo
747 1716 880 1774 audeatque
897 1716 1024 1763 immutare
1039 1719 1165 1777 permulta,
1183 1728 1207 1766 et
1223 1734 1285 1766 nova

35 1790 126 1843 sponte
137 1781 288 1841 mactari-pro
298 1781 374 1826 calme
386 1780 531 1826 Graecorum.
680 1782 789 1840 quaedam
804 1781 908 1827 inserere
922 1787 946 1826 et
961 1782 1073 1840 affingere
1086 1782 1218 1842 'l'rsgoedire
1233 1785 1285 1831 ido·

74 1846 131 1894 128.
149 1847 248 1905 Difficile
268 1841 324 1905 est]
367 1846 514 1906 Praeceptum
536 1845 566 1892 de
588 1845 646 1892 scite
680 1860 733 1901 nea,
750 1860 795 1892 acc
811 1860 837 1892 se
853 1852 956 1892 coarctet
973 1846 1023 1905 ipse
1040 1854 1064 1892 et
1080 1847 1196 1907 astringat
1211 1850 1242 1895 sd
1257 1864 1285 1895 es

34 1912 166 1967 imitando,
186 1912 263 1971 deque
280 1911 337 1957 noti
353 1912 454 1970 persona
469 1910 549 1970 potius
568 1910 648 1956 denuo
680 1912 804 1965 duntaxat,
815 1925 868 1970 quas
878 1910 974 1956 induxit
983 1910 1079 1970 Epicus,
1091 1927 1112 1957 r.
1121 1927 1144 1971 g.
1158 1913 1285 1969 Homerus,

35 1976 186 2032 exhibendi,
204 1980 277 2036 quim
296 1976 357 2022 novi
375 1975 514 2021 sonnandai:
535 1975 657 2035 quoniam·
680 1991 751 2036 quem
763 1975 877 2021 imitatur.

35 2044 86 2089 hoc
95 2043 182 2088 maere
191 2041 267 2087 etrite
276 2040 362 2100 exequi
372 2039 538 2095 shdifflcssias,
549 2047 573 2085 et
584 2040 647 2101 peri·
714 2036 916 2101 l³5.1²r0serre.]
951 2040 988 2085 ΑΙ.
1001 2038 1285 2102 melitis,rsserre‚licen·

35 2107 146 2154 calasius
163 2111 236 2166 quam
255 2105 314 2152 illud
331 2112 456 2165 prestare:
478 2106 549 2151 modb
567 2115 647 2151 tamen
679 2112 716 2153 ter
727 2105 832 2164 quidem.

36 2173 153 2233 quedam
172 2173 325 2217 observentur
341 2170 440 2216 solerter
457 2170 576 2225 evitanda,
594 2185 647 2229 quse
714 2169 769 2216 136.
787 2164 1004 2229 Necriciacipits.]
1039 2169 1186 2230 Praeceptum
1198 2171 1227 2217 de
1238 2171 1285 2218 ini·

36 2240 71 2283 ab
85 2236 186 2283 Horatio
196 2243 314 2281 notantur.
681 2235 714 2281 tio
724 2233 845 2293 grandiori
851 2234 976 2289 evitando,
985 2235 1049 2293 quod
1058 2244 1106 2280 tana
1115 2235 1204 2295 Epicus
1212 2240 1285 2296 quam

74 2297 195 2362 Rapite]
223 2302 293 2362 Apta,
301 2298 459 2354 convenienti,
470 2306 495 2345 et
505 2299 602 2360 proprii
610 2313 648 2346 ra·
682 2300 798 2357 'l'rsgicus
814 2313 897 2346 cavere
915 2300 992 2345 dehet.
1027 2299 1134 2346 Peccavit
1152 2300 1240 2346 Statius
1259 2301 1286 2347 in

37 2368 115 2413 tione.
680 2365 821 2420 schilterus,
839 2372 863 2410 et
878 2363 1015 2418 Thebaidec
1032 2366 1123 2411 Seneca
1139 2364 1165 2411 in
1184 2366 1285 2421 hasdo,

77 2426 231 2490 amasam]
273 2428 295 2475 Α
316 2430 383 2475 nullo
409 2432 465 2475 ante
489 2437 603 2490 occupata
623 2436 649 2475 et
680 2431 723 2479 uc.

39 2504 151 2543 tractam.
713 2496 817 2555 Scriptor
834 2490 954 2555 cyclicae]
995 2493 1142 2548 Circulatorc
1161 2494 1285 2542 circumfo-

78 2561 134 2609 129.
151 2556 370 2620 lliocumcarmsa]
404 2557 529 2605 Materiam
540 2573 582 2604 seu
593 2573 647 2618 per·
680 2574 781 2611 rancusc
800 2573 888 2618 vagus:
909 2558 1016 2614 trivialis,
1035 2555 1159 2621 ἀγύρτης,
1176 2560 1202 2605 in
1221 2576 1285 2607 com-

39 2625 160 2673 sonamin
171 2624 245 2671 lliade
253 2626 283 2671 ab
293 2625 537 2670 Homerotractatam.
556 2624 648 2683 Nempe
680 2624 736 2686 pitis
753 2624 861 2671 homines
878 2637 1031 2682 congregans,
1049 2625 1136 2683 quibus
1152 2625 1286 2672 inconditos

40 2692 62 2737 is
75 2689 213 2751 multiplicis
230 2689 364 2749 argumenti
381 2688 432 2735 sons
450 2689 596 2734 uberrimus:
615 2688 648 2735 ll·
681 2702 763 2736 vsrsus
775 2688 881 2735 accinat:
898 2688 981 2748 virgil
994 2689 1044 2734 Ecl.
1056 2689 1079 2735 3.

41 2758 143 2815 lamque
159 2755 207 2811 τῆς
218 2749 360 2817 τραγῳδίας
373 2748 497 2815 ἡγεμόνα,
513 2750 648 2809 sonasset»-
719 2785 839 2800 ........
845 2753 899 2799 Nos
909 2759 935 2799 tu
946 2754 970 2798 s'a
981 2754 1065 2807 triviis,
1079 2754 1176 2807 indocte.
1187 2756 1276 2801 solebas

41 2834 134 2874 raros.
161 2816 201 2866 sal
230 2821 334 2882 πρῶτον
357 2812 558 2880 τραγῳόιποιῦν,
585 2822 649 2865 recte
714 2818 1286 2877 Strideatims'sersmstipaiddisperdereeamcs!

43 2892 168 2945 nuncupat
179 2884 246 2930 Plato
257 2884 286 2930 de
298 2884 391 2943 Repub.
682 2883 739 2929 Goeh
751 2881 854 2941 Rhodig.
866 2882 905 2928 lib.
916 2881 955 2927 28.
966 2895 1017 2941 cap.
1028 2880 1066 2928 lo.
1085 2882 1114 2928 ln
1126 2884 1188 2928 novi
1198 2896 1285 2929 comta·

78 2949 135 2997 1³1.
151 2949 251 2995 Publica
269 2944 396 3009 materia]
432 2947 560 3001 Publicata,
585 2954 649 3003 nota,
681 2946 729 3003 dia,
744 2946 830 3006 inquit,
845 2947 923 3006 cyclos
936 2945 1097 3001 adinvenio,
1114 2946 1286 2993 locaubisen-

38 3018 91 3076 iam
104 3022 210 3070 tractata,
221 3012 298 3073 qualis
308 3014 333 3059 ia
346 3013 421 3059 lliade
432 3013 470 3058 rel
482 3012 596 3071 Odyssei.
682 3013 794 3058 derentur
805 3011 936 3071 mancipia:
954 3010 1051 3057 fortasse
1066 3011 1138 3057 etiam
1155 3012 1196 3058 uhi
1210 3019 1235 3057 et
1244 3027 1286 3058 ve·

77 3080 171 3126 Privati
175 3078 241 3139 juris
251 3075 318 3139 erit]
346 3079 398 3124 Tua
409 3077 499 3124 dicetur
511 3091 552 3137 per
564 3091 649 3122 novam
682 3077 746 3124 nalia
767 3076 865 3136 reliqua.
899 3075 1048 3136 Astipulatur
1067 3076 1144 3122 Schol.
1165 3076 1285 3138 Aristoph.

43 3155 70 3191 et
79 3145 163 3191 scitam
178 3142 355 3205 dispositionem
371 3141 582 3201 tractationemque
597 3146 611 3188 a
627 3150 650 3188 te
681 3142 786 3189 scribens
805 3139 900 3188 κύκλον
919 3140 991 3187 fuisse
1009 3141 1110 3187 Athenis
1129 3141 1225 3198 circum,
1244 3156 1287 3188 seu

44 3210 175 3257 inventam.
681 3208 767 3263 locum,
776 3207 817 3253 ubl
826 3221 908 3253 carnes
917 3213 941 3252 et
949 3207 1025 3266 pisces
1033 3207 1204 3252 vendebantur.
1226 3207 1287 3252 Sunt

77 3276 106 3321 Ss'
117 3273 324 3328 Nescircaoilera,
335 3268 387 3334 dc]
417 3272 442 3317 Si
454 3270 541 3332 passim
553 3285 600 3316 non
612 3285 650 3321 scs
683 3272 723 3332 qui
736 3271 984 3317 Maviumhicnotari
996 3279 1108 3317 asserant
1133 3271 1286 3316 Cassubonus

44 3339 128 3400 queris
142 3346 268 3393 auctorem,
286 3352 357 3397 quem
375 3336 418 3382 tibi
435 3336 577 3382 imitandum
595 3350 649 3396 pro-
682 3337 707 3383 ln
720 3337 808 3383 Athen.
826 3337 867 3382 lib.
878 3334 901 3390 7.
917 3350 937 3381 c
949 3335 972 3383 ³.
991 3336 1066 3382 multa
1076 3336 1168 3382 erudite
1180 3336 1209 3382 de
1220 3336 1287 3395 cyclo

44 3404 154 3464 posuisti,
164 3401 649 3460 universaetsingulaabeodesumendo:
683 3409 707 3448 et
725 3401 835 3462 cyclicis:
855 3401 935 3460 aisque
955 3402 1050 3461 cyclicas
1067 3400 1180 3461 appellari
1198 3401 1286 3457 solitos,

45 3470 111 3529 quod
131 3467 226 3528 quidem
247 3467 302 3522 vile,
323 3475 395 3525 atque
414 3467 524 3512 omnibus
545 3466 649 3521 obvium,
682 3466 818 3526 quicunque
837 3466 961 3513 materiam
977 3466 1081 3525 aliquam
1098 3466 1211 3511 continui
1226 3466 1287 3512 seris

45 3532 305 3595 patens‚etfacilecst.
340 3530 584 3578 Atcontramaximoe
593 3531 651 3576 artis
682 3532 871 3592 perterruissent:
894 3530 955 3576 sicut
971 3530 1128 3577 Antimachus
1148 3530 1287 3577 Thebanam

46 3608 71 3647 et
81 3598 160 3644 laudis
170 3605 213 3653 est,
224 3596 258 3643 sic
270 3596 366 3653 imitari,
376 3604 404 3641 ut
415 3595 474 3641 nihil
486 3610 534 3640 non
545 3603 651 3642 tuumac
683 3596 812 3642 historiam.
847 3595 976 3654 Addstque,
992 3600 1129 3655 quemserb
1141 3596 1237 3642 Po'e'tam
1249 3596 1287 3642 in-

45 3663 169 3724 proprium
185 3677 236 3708 esse
253 3662 360 3707 videatur
378 3661 468 3707 ratione
482 3662 533 3720 jam
549 3660 613 3707 dicti
627 3669 652 3707 et
683 3661 774 3721 telligat
788 3660 900 3707 Horatius
910 3675 953 3721 per
966 3663 1098 3721 scriptorem
1108 3662 1226 3722 cyclicum,
1243 3676 1286 3708 no·

46 3728 223 3776 mordicando.
682 3725 791 3773 minatim
806 3725 911 3771 indicare
926 3739 974 3771 aon
992 3740 1123 3786 possumus
1159 3727 1287 3773 Stasimum

81 3792 136 3839 132
153 3793 263 3838 Patalam
273 3787 369 3852 orbem]
398 3791 499 3837 Carmen
511 3789 649 3848 vulgatum:
683 3791 745 3837 docti
757 3799 849 3850 putant,
866 3790 906 3850 qui
919 3798 1000 3836 auctor
1011 3805 1090 3851 parvae
1102 3791 1184 3838 lliadis
1195 3791 1287 3838 extitit:

47 3858 180 3918 argumenti
198 3855 375 3916 dispositionem
393 3855 502 3902 omuibus
520 3855 652 3914 expositam
684 3857 726 3903 sed
737 3864 854 3916 repugnat
866 3856 962 3902 Photius
974 3855 1061 3902 diserte
1072 3856 1140 3902 illum
1151 3861 1288 3917 separanst

47 3933 71 3969 st
81 3923 215 3982 cognitam:
228 3921 352 3967 materiam
363 3921 475 3967 continui
486 3919 546 3966 serie
556 3928 651 3981 pertex·
683 3921 786 3982 cyclicis.
821 3921 904 3980 ltaque
914 3921 1023 3980 Cyclicus
1032 3922 1095 3981 apud
1108 3922 1234 3970 Horatium
1243 3922 1288 3968 erit

48 3998 105 4043 tam,
124 4001 189 4033 more
208 3986 357 4047 cyclicorum.
390 3986 451 4032 Vide
470 3992 552 4045 postea
570 3994 650 4032 annot.
683 3987 763 4046 potius
780 3986 841 4032 alius
858 3985 975 4046 quispiam
993 3990 1007 4032 e
1025 3987 1098 4047 Cyclo
1117 3987 1205 4049 Epicc:
1226 3987 1287 4032 Nam

48 4054 78 4099 ad
89 4068 111 4099 r.
125 4051 178 4099 136.
683 4052 760 4111 poetas
776 4050 816 4097 isti
827 4065 875 4096 non
886 4052 916 4096 ob
927 4052 1088 4111 praestantiam
1102 4052 1212 4099 carminis
1222 4064 1287 4096 eom·

82 4116 136 4164 13³
154 4117 205 4164 Nec
221 4116 313 4163 unium
329 4112 417 4176 cerba]
452 4113 504 4161 Imb
522 4114 651 4161 sententias
683 4116 798 4171 mendati,
809 4116 954 4161 sedtantbm
965 4124 1061 4177 propter
1071 4117 1157 4164 seriem
1168 4129 1247 4162 rerum
1259 4128 1288 4160 eo

49 4183 170 4241 ingeniose
190 4181 305 4241 expiscari
324 4188 430 4240 oportet;
451 4180 651 4239 quemadmodum
683 4195 781 4240 corpore
800 4181 1038 4241 comprehensarum:
1059 4183 1123 4242 quod
1141 4180 1210 4227 valde
1230 4193 1286 4224 con-

49 4247 184 4308 Sophocles,
206 4246 341 4306 Euripides,
369 4245 457 4304 aliique
484 4259 515 4290 es
539 4244 651 4291 Homero.
683 4245 789 4305 grultilli
798 4245 890 4292 Horatii
899 4246 956 4301 loco,
964 4247 1004 4295 ubi
1013 4244 1288 4308 ineptiarumsrcessitur

50 4313 115 4363 Quin
123 4320 148 4359 et
158 4312 269 4372 pleraque
280 4311 305 4357 in
316 4310 364 4356 unia
375 4310 457 4370 lingui
468 4309 552 4365 nitent,
564 4324 616 4369 qua
626 4310 651 4356 in
683 4310 786 4370 isquem
802 4311 917 4371 cyclicum
932 4312 1046 4360 nominat
1081 4312 1138 4357 Haec
1149 4308 1229 4355 omnia
1240 4309 1287 4355 Ca·

49 4378 124 4423 alteri
134 4376 194 4423 nihil
205 4377 327 4422 habebunt
337 4374 477 4435 splendoris.
683 4378 748 4423 saub.
761 4376 801 4422 cit.

84 4441 138 4488 134.
155 4442 206 4489 Nec
222 4442 314 4488 desilies
330 4442 433 4487 imitator
449 4440 473 4486 ia
487 4436 649 4501 arctumdc]
717 4440 773 4496 137.
791 4442 917 4489 Fortunam
928 4437 1038 4499 Prima]
1064 4437 1287 4484 CarminisdePri-

51 4507 146 4553 Tertius
162 4506 200 4552 bic
216 4514 252 4553 est
267 4506 377 4566 scopulus
394 4504 506 4551 imitatori
518 4505 650 4551 cavendusr
683 4520 738 4552 amo
754 4507 832 4566 deque
848 4508 910 4555 hello
928 4507 1030 4566 TroJano
1047 4502 1143 4549 initium
1162 4510 1198 4550 est
1216 4503 1288 4549 nimis

52 4573 89 4619 Ne
109 4571 236 4618 Dramatici
259 4570 369 4618 conuiuis
393 4578 417 4615 ct
440 4568 507 4629 Epici
534 4570 650 4616 diversam
683 4569 799 4617 inflatum.
