3059 4984
685 1019 723 1081 V.
749 1017 879 1082 CLAR.
905 1016 1013 1082 AND.
1041 1015 1232 1081 DACERH

854 1261 1077 1354 NOTAE

949 1479 976 1513 iu

597 1628 767 1703 VITAM
800 1631 845 1713 Q.
874 1630 1091 1703 HORATH
1127 1628 1327 1703 FLACCI.

354 2120 627 2192 Q.HORAT11
644 2116 737 2184 FLA
742 2119 826 2185 CCI
838 2122 915 2193 rito,
931 2122 949 2183 ὲ
963 2118 1137 2202 Suetonio]
1183 2117 1277 2182 Hanc
1292 2118 1388 2180 vium

351 2207 465 2271 diserti
489 2207 643 2289 adjudicat
668 2206 819 2269 Suetonio
845 2207 878 2269 in
902 2205 995 2269 Notis
1018 2207 1083 2269 suis
1109 2206 1149 2269 od
1173 2203 1275 2289 Epist.
1305 2205 1333 2265 l.
1359 2200 1406 2264 Lii

350 2293 463 2368 verbio,
479 2290 626 2375 Augusto
640 2291 818 2375 imreponti
828 2290 1012 2366 Horatium,
1027 2293 1113 2376 quod
1125 2313 1185 2354 non
1199 2292 1245 2353 od
1256 2312 1292 2353 se
1304 2310 1406 2374 quoqu

350 2377 511 2453 scriberet,
534 2386 568 2440 ut
590 2377 758 2441 Suetonius
779 2386 891 2440 auctor
912 2386 971 2449 eet,
995 2377 1147 2462 imprimis
1168 2399 1236 2440 cum
1258 2377 1355 2439 laude
1382 2374 1406 2437 C

350 2473 507 2527 euciuot.
523 2463 567 2527 At
581 2462 628 2527 vel
644 2475 763 2528 tacente
778 2462 1004 2548 Porphyrione,
1020 2465 1062 2527 ita
1076 2485 1110 2528 se
1125 2463 1229 2547 prodit
1242 2461 1295 2527 hic
1308 2463 1405 2526 Sueto

351 2561 387 2614 ut
400 2553 533 2635 peritum
549 2549 695 2614 lectorem
709 2549 795 2614 haud
810 2549 925 2614 temeri
941 2549 1037 2613 fallat.

298 2709 309 2726 '
394 2710 507 2787 Putre,
529 2718 563 2772 ut
585 2709 654 2794 ipse
677 2710 801 2794 quidem
822 2711 934 2790 tradit,
956 2711 1112 2787 libertino,
1131 2720 1162 2774 et
1183 2710 1384 2774 exactionum

354 2795 427 2861 Hoc
442 2796 481 2861 de
496 2796 600 2880 seipso
614 2798 777 2880 profitetur
792 2795 945 2861 Horatius
962 2798 1026 2862 Sat.
1042 2798 1073 2861 6.
1089 2796 1160 2861 Lib.
1179 2796 1205 2860 l.
1219 2819 1249 2860 v.
1264 2796 1318 2859 46.

632 2958 720 3018 Nunc
734 2959 774 3018 ad
786 2980 830 3018 me
843 2959 925 3018 redeo
938 2958 1068 3018 libertino
1078 2968 1165 3039 patre
1177 2968 1283 3017 notum.

353 3122 394 3181 Et
407 3143 434 3181 v.
452 3126 501 3179 85.
632 3121 696 3179 Ncc
710 3120 811 3191 timuit,
825 3120 878 3179 cibi
891 3141 926 3178 ne
939 3121 1007 3179 vitio
1019 3122 1082 3201 quie
1095 3130 1225 3190 uerteret,
1240 3119 1305 3178 olim

636 3201 670 3259 Si
679 3221 780 3280 pecco
789 3222 908 3280 porcus,
922 3211 982 3272 aut,
996 3213 1026 3260 ut
1036 3201 1098 3280 suit
1112 3202 1181 3280 ipse,
1195 3211 1308 3259 coactor

632 3281 780 3341 Mercedes
792 3302 921 3359 requmer
929 3321 1239 3342 ................

403 3441 446 3504 Ut
459 3440 533 3504 oerd
544 3439 695 3502 creditum
709 3447 768 3515 est,
780 3437 1046 3523 enuomenturio]
1077 3438 1347 3504 salsamentorum
1358 3457 1404 3521 pr(

353 3537 469 3611 cupant
485 3525 586 3589 Graeci
602 3522 869 3601 ἂλλαντοπώλην,
893 3524 978 3589 Galli
993 3547 1034 3588 im
1047 3525 1236 3601 charcutier,
1253 3523 1344 3608 Angli
1360 3543 1379 3586 n
1395 3542 1404 3584 1

355 3635 377 3677 n
392 3631 519 3760 maii
533 3630 575 3673 on
588 3631 760 3688 snusuons,
776 3612 830 3695 qui
852 3623 940 3695 parat
953 3611 1121 3695 venditque
1136 3611 1303 3689 sarciminn,
1316 3621 1404 3674 tonuu

375 3720 453 3763 enus
498 3719 536 3761 io.

353 3720 375 3784 g
402 3784 534 3856 Quoties
553 3805 614 3869 ego
634 3782 699 3846 nidi
713 3791 844 3867 patrem
858 3792 942 3846 tumn
955 3782 1061 3847 cubito
1074 3806 1108 3847 ee
1122 3806 1191 3847 emu
1235 3780 1365 3865 entemt]

354 3873 434 3936 vicio
449 3868 965 3934 irridebantursalsamentariorum
976 3868 1041 3934 iiiii.
1086 3869 1153 3934 Cic.
1172 3869 1186 3933 l
1222 3917 1231 3933 .
1249 3868 1317 3933 Lib.
1331 3867 1404 3931 Rhet

356 3958 396 4022 ad
420 3956 615 4021 Herennium
631 3955 793 4039 (siquidem
809 3954 860 4019 iile
876 3968 923 4020 est
947 3978 1037 4020 verus
1056 3955 1140 4022 iliius
1161 3956 1263 4040 operis
1277 3956 1396 4033 aneton)

354 4043 546 4128 oequemium
560 4041 816 4128 oigm'picatiofit,
831 4043 899 4104 cim
913 4065 965 4107 ree
980 4063 1051 4128 quie
1064 4052 1235 4128 sequuntur
1246 4041 1375 4127 ntiquom
1386 4064 1402 4102 r

357 4139 418 4205 tur,
441 4151 484 4192 eu
498 4129 609 4213 quibui
623 4137 691 4192 toto
705 4149 757 4191 ren
778 4129 966 4212 relinquitur
984 4130 1017 4192 in
1036 4130 1225 4215 suspicione,
1238 4138 1271 4191 ut
1291 4128 1319 4191 ii
1338 4127 1403 4190 sude.

344 4217 422 4303 filio
435 4215 535 4281 dicon.
554 4214 689 4285 Quiesce
703 4224 746 4291 tu,
762 4215 852 4299 cujus
858 4226 957 4300 poter
971 4216 1074 4279 cubito
1087 4239 1122 4280 ec
1136 4237 1300 4301 enzungere
1312 4215 1403 4278 eolebo

400 4301 493 4366 Bello
507 4301 707 4386 Philippensi
725 4303 849 4365 excitae
868 4304 890 4366 ὰ
910 4302 959 4365 M.
975 4303 1079 4365 Bruto
1100 4302 1304 4387 imperatore,
1324 4300 1403 4363 Tun

356 4400 420 4454 tum
440 4388 575 4469 meruti]
620 4385 713 4450 Tunc
736 4390 882 4470 temporis
899 4389 1050 4452 Horatius
1073 4389 1168 4453 literis
1188 4409 1308 4472 operum
1322 4387 1403 4450 dabat

357 4476 439 4541 Vide
454 4474 537 4558 quod
553 4486 656 4538 norint
671 4474 737 4557 ipse
754 4473 853 4557 Epist.
873 4478 903 4538 2.
924 4475 993 4538 Lib.
1013 4474 1059 4539 ll.

399 4563 557 4646 Scriptum
575 4561 783 4633 Qucoutorium
797 4562 1019 4646 comparauit]
1066 4560 1149 4641 Lege
1165 4560 1306 4624 scribtum
1320 4581 1403 4644 prou

356 4648 437 4713 Vide
454 4648 554 4713 Notus
570 4660 690 4713 nostros
705 4647 744 4711 ad
761 4671 787 4711 v.
803 4649 854 4710 36.
874 4649 937 4712 Sat.
955 4651 985 4711 (i.
1007 4649 1075 4711 Lib.
1096 4647 1139 4710 11.

809 4908 942 4975 Δ
