3059 4984
255 256 320 324 ooo
641 209 684 327 b.
708 247 908 316 Ηοιιιιι
936 243 1097 313 rancor

255 393 305 441 uve
331 390 498 453 queamus
526 390 576 438 ¹¹¹⁶
602 390 671 448 usus,
683 388 747 454 Seu
762 399 796 451 tu
811 384 964 471 querelae,
979 385 1043 450 eive
1057 380 1251 468 gertsjocoa

256 459 306 571 iiii
317 457 567 585 iidffiffiss
574 470 672 582 ⁸325}
726 475 791 540 Seu
806 474 917 550 rixam,
933 483 965 538 et
979 491 1103 535 ιιιιιοι
1118 489 1249 545 amores,

257 589 306 643 cis;
332 602 480 648 quocumque
502 586 571 632 titulo
592 586 673 632 condis
770 559 833 625 Seu
847 557 979 635 facilem,
994 557 1048 642 pia
1062 567 1151 635 lesia,
1166 571 1327 653 80anOE

257 653 401 713 ‘urbium
434 651 569 707 uaricum,
602 651 674 712 disol
684 645 882 730 Quocunque
897 643 1010 709 lectum
1024 642 1148 707 nomine
1164 638 1335 704 Massicum
1435 727 1440 736 .
1469 674 1473 692 ·

257 715 674 837 {issfflnidffssssgiqteffohf'fft}
685 733 809 810 Servos,
824 732 939 797 moueri
955 730 1049 815 digna
1063 729 1147 793 bono
1160 726 1222 804 die,

259 847 367 894 Cutina.
401 846 454 900 Hic,
465 847 521 893 licet
531 846 635 893 imbutus
644 847 676 893 ait
729 818 905 894 Descende,
921 814 1206 899 Corvinojubenie,

259 911 382 959 ΜΗ·
392 910 529 972 coeptam
546 911 610 958 mua
620 926 674 958 aas·
772 903 919 969 Promere
934 901 1128 987 languidiora
1141 900 1222 965 vina

259 986 323 1024 ”¹¹¹⁸
334 984 358 1024 ‘²
368 976 538 1037 numanum.
564 976 675 1024 caenae
686 988 761 1055 Non
777 989 841 1067 ilie,
856 1009 1032 1074 quanquam
1047 985 1210 1051 Socraticis
1224 982 1328 1049 madet

686 1077 899 1154 Semonibus,
915 1086 945 1141 te
963 1073 1099 1158 negliget
1112 1071 1265 1136 horridus.
1456 1067 1477 1130 lt

730 1162 883 1227 Narratur
897 1174 930 1227 et
942 1161 1036 1247 prisci
1051 1158 1178 1225 Catonis

260 1041 352 1103 antiqui
362 1041 436 1089 virtus
447 1041 544 1089 Catonis

746 1346 1014 1394 ANNOTATIONES.

264 1461 290 1508 b.
308 1460 399 1508 idsnlio
416 1461 536 1521 Torquato
552 1476 606 1508 cum
624 1461 651 1507 1..
668 1460 767 1507 Aurelio
784 1462 862 1516 estu,
893 1461 1051 1509 hominibusi
1062 1457 1278 1505 Deomutributum
1289 1451 1480 1501 relutremedim

261 1541 325 1573 anno
343 1525 413 1573 Urbis
432 1526 532 1572 condita
549 1525 606 1573 888.
646 1525 706 1572 Vide
727 1526 804 1586 Epod.
823 1524 861 1573 la
894 1527 1007 1573 adversus
1017 1531 1170 1578 senectutem,
1181 1519 1480 1579 utredireadjuveotuter

262 1606 284 1637 s.
301 1591 324 1638 8
342 1591 383 1637 ubl
399 1591 463 1637 bunc
475 1591 621 1650 Torquatum
634 1599 702 1638 vocat
717 1606 788 1637 suum
799 1592 862 1638 Cou-
894 1591 1026 1646 rideantur,
1052 1597 1076 1636 et
1102 1587 1219 1635 mestitia
1239 1600 1280 1632 eos
1302 1584 1382 1644 capiat
1406 1583 1481 1630 oblisi

262 1657 346 1703 sulem.
895 1657 984 1703 Seneca
1001 1655 1079 1701 Stoico
1099 1651 1223 1714 supercilio
1239 1650 1299 1696 mire
1319 1649 1404 1708 gravis
1425 1649 1482 1693 sieba

296 1721 319 1766 2
331 1721 376 1766 See
385 1720 528 1782 tsqssrslas,
538 1721 585 1768 slas
591 1718 732 1782 garisjocos,
743 1717 797 1782 qe]
815 1719 863 1767 Va-
895 1735 1065 1780 nonnunquam
1074 1733 1148 1778 usque
1158 1717 1189 1763 ad
1198 1715 1337 1763 ebrietatem
1347 1714 1482 1760 veniendae

262 1783 476 1831 rioseli'ectusrini
489 1784 779 1846 Juxtarariashominum
792 1785 863 1832 affec·
896 1780 1420 1845 nonquaemergataocseddeprimstcsm
1443 1778 1483 1823 Ἧι

263 1850 339 1896 tiones
347 1850 408 1896 belle
419 1850 536 1909 exprimit.
570 1850 633 1897 Nam
644 1851 684 1911 qui
701 1854 715 1896 a
730 1852 815 1897 natur!
826 1850 862 1896 bi·
896 1851 954 1898 Coel.
967 1850 1069 1908 Rbodig.
1081 1849 1121 1895 lib.
1133 1849 1171 1895 28.
1183 1861 1210 1893 cs
1227 1845 1284 1892 ,82
1296 1852 1320 1890 et
1331 1843 1399 1890 alibi.

263 1914 343 1970 liosus,
350 1914 405 1961 rino
414 1915 440 1960 lit
451 1915 597 1970 iracundior;
609 1916 650 1975 qui
659 1915 805 1970 libidinosus,
817 1916 863 1961 las·
928 1917 1051 1962 Socraticis
1060 1862 1226 1972 uemoslmi
1257 1908 1484 1955 Socratesbominur

263 1980 343 2036 civlor,
360 1980 510 2041 petulantior,
527 1982 570 2028 isc.
603 1981 707 2032 Quidam
720 1980 795 2042 jocosi
811 1988 864 2041 post
896 1980 1082 2042 sapientissimus
1089 1974 1484 2038 ApollinisOracnlodeclsratuses

264 2045 354 2100 vinum,
365 2045 406 2091 alil
416 2045 574 2102 somniculosi,
585 2047 628 2093 bc.
897 2046 956 2107 Ejus
966 2046 1076 2105 dogmata
1086 2042 1189 2104 amplexi
1205 2048 1261 2087 sunt
1275 2054 1325 2100 pre
1337 2039 1435 2085 ceteris
1445 2040 1485 2083 ben

296 2111 320 2157 b.
340 2111 475 2173 Quocunque
486 2112 568 2158 lactura
578 2114 673 2166 ossum,
690 2107 742 2172 isc]
777 2112 863 2171 eujus·
896 2110 984 2166 multis,
1000 2109 1138 2156 illustriores
1148 2107 1196 2162 isti,
1207 2107 1281 2159 Plato,
1293 2104 1442 2164 Xenophon,
1455 2105 1486 2148 liu

265 2190 365 2235 cumque
386 2190 472 2222 nornen
493 2176 603 2222 Consulis
624 2176 762 2237 inscriptum
783 2176 864 2231 babes,
896 2176 1018 2222 tisthenes.
1041 2174 1140 2233 Diogen.
1163 2173 1240 2219 baert.
1263 2170 1305 2216 lib·
1326 2169 1352 2215 Β»
1375 2170 1421 2215 &t
1456 2169 1486 2213 (b

265 2249 379 2300 quorem
390 2247 485 2286 notetur
493 2239 542 2285 viui
551 2241 614 2299 quod
621 2240 733 2287 contines.
751 2241 812 2286 Vide
823 2241 863 2286 lib.
898 2240 993 2287 Tuscul.
1011 2239 1034 2286 8
1052 2238 1086 2284 ait
1102 2239 1132 2284 ab
1149 2252 1178 2284 eo
1194 2251 1286 2288 mn,
1302 2249 1356 2296 qno
1371 2235 1402 2280 de
1421 2237 1487 2279 ss'tdr

265 2305 288 2350 2
299 2305 368 2350 Odeu
383 2304 406 2351 8
421 2318 442 2349 ι.
455 2305 477 2351 8.
493 2313 572 2350 annot.
607 2306 643 2352 De
655 2305 749 2352 Massici
760 2306 865 2352 bonitate
897 2306 996 2352 neribus
1004 2309 1045 2358 cst,
1053 2303 1221 2364 Philosophiam
1230 2303 1352 2350 nasum:
1365 2299 1441 2345 Trrsc.
1450 2300 1487 2343 br

265 2367 608 2493 “widinis10diei'tivo
624 2434 683 2480 mibi
704 2434 824 2481 ionunato
842 2442 867 2494 et
897 2368 1074 2482 iiiiapmii
1084 2369 1289 2494 mfflgimw
1300 2364 1489 2482 absim

266 2496 406 2552 honorabili,
422 2499 476 2543 cum
494 2497 605 2557 dignatur
620 2499 736 2545 Cerrinus
750 2500 866 2545 divertere
897 2516 941 2562 que
953 2501 1016 2545 bonis
1025 2507 1049 2547 et
1059 2499 1126 2546 malis
1135 2511 1243 2560 quarere.
1277 2494 1368 2541 Noster
1381 2494 1416 2540 ed
1429 2493 1489 2539 Pin

265 2561 329 2622 apud
345 2575 391 2616 me,
412 2576 505 2608 eoenare
522 2563 586 2609 domi
605 2577 672 2618 mee,
694 2572 719 2610 et
734 2578 830 2626 poscere
846 2563 867 2610 si
899 2580 920 2610 r.
931 2564 986 2611 310.

266 2626 329 2686 quod
341 2625 417 2672 babeo
427 2627 530 2672 melioris
541 2636 602 2673 noue
613 2628 701 2674 rinuru.
913 2630 971 2676 lien
981 2630 1024 2675 tibi
1034 2628 1156 2674 Socratica
1163 2631 1271 2686 poterant
1279 2625 1403 2671 “tudere
1411 2625 1489 2670 mnu

298 2691 321 2745 7.
333 2687 469 2752 Decem]
496 2693 533 2738 Er
544 2693 590 2738 isti
600 2707 656 2739 voce
667 2700 732 2754 patet
742 2693 799 2739 olim
810 2707 866 2739 vasa
932 2693 969 2741 11.
986 2694 1107 2740 Narratur
1117 2699 1140 2739 et
1154 2692 1227 2751 prisci
1238 2690 1342 2743 ame.
1360 2685 1416 2751 it]
1453 2688 1488 2748 Ῑιιε

265 2755 357 2801 vinaria
369 2769 423 2812 non,
442 2765 469 2802 ut
479 2758 542 2818 apud
557 2773 598 2805 nos
609 2758 687 2814 hodie,
704 2758 730 2804 in
747 2760 865 2805 subterra·
898 2760 957 2806 Cato
968 2759 1054 2804 virtute
1071 2756 1170 2816 insignis
1188 2763 1296 2802 narratur
1307 2754 1366 2800 rino
1382 2753 1489 2799 liber-sliu

266 2820 317 2880 ucis
328 2822 369 2867 sed
380 2821 405 2867 in
416 2821 553 2868 editioribus
563 2824 683 2884 apothecis
694 2832 765 2884 atque
776 2823 867 2870 horreis
898 2825 983 2870 bausto
991 2838 1052 2883 ssrpe
1064 2821 1195 2869 incaluisse.
1214 2821 1323 2866 Hiererb
1332 2818 1412 2878 queri
1422 2827 1488 2878 potes

265 2886 373 2932 collocari
394 2886 469 2942 solita,
491 2895 518 2933 ιιι
536 2887 627 2935 fumosa
646 2888 750 2949 indeque
772 2897 864 2934 matura
896 2903 927 2936 an
941 2889 997 2935 rino
1012 2903 1096 2948 corpus
1112 2887 1245 2940 incalescat,
1261 2893 1289 2931 ut
1303 2884 1383 2931 calido
1400 2884 1489 2929 medies

265 2950 364 2997 flerent:
386 2953 450 3011 quod
468 2954 519 3012 jam
542 2952 598 2998 alibi
621 2953 709 3010 notari,
731 2954 864 3012 iterumque
896 2954 994 3000 mentoi
1028 2952 1165 3013 Respondet
1179 2951 1284 2997 Galenus
1295 2949 1398 2995 constit.
1415 2948 1441 2995 ἃ
1460 2962 1488 2993 ne

266 3016 339 3062 Poeta
354 3025 433 3063 noster
448 3016 528 3063 innuit
543 3017 685 3077 frequenter.
719 3017 780 3065 Vide
796 3019 865 3064 Oden
897 3019 1037 3065 incalescere
1048 3017 1093 3064 nisi
1105 3015 1254 3062 uestimenta
1264 3014 1358 3075 corpori
1371 3027 1489 3060 accomm

266 3081 305 3128 uu
320 3096 341 3127 r.
353 3080 376 3135 7.
388 3089 412 3128 et
422 3086 493 3143 supra
504 3082 572 3128 Oden
583 3082 605 3128 8.
618 3083 688 3143 buJua
699 3082 760 3128 libri.
898 3084 936 3130 dt
964 3084 1026 3130 Nam
1037 3083 1098 3129 sicut
1107 3081 1158 3141 igni
1166 3094 1299 3139 mngrsaens
1309 3078 1414 3125 materia
1425 3079 1489 3123 incer

300 3146 395 3193 Cos-cisso
398 3143 515 3208 jubente]
541 3147 690 3194 M.Valerius
699 3147 865 3193 MessalaCor·
898 3143 1394 3207 diumlscitmaJ'us,itacorporibussimile
1405 3144 1489 3189 elimes

266 3209 335 3257 rium
343 3211 543 3270 Augustisevovir
550 3211 699 3268 clarissimus,
708 3212 796 3258 Consul
804 3226 867 3258 anno
899 3221 949 3259 tum
960 3228 1013 3273 quse
1024 3214 1108 3259 naturi
1119 3211 1196 3258 calent
1206 3209 1271 3265 satis,
1285 3217 1310 3256 et
1326 3210 1402 3254 robur
1419 3209 1486 3269 sdq'ics'

267 3275 297 3321 U.
310 3276 336 3321 C.
348 3275 403 3331 722
415 3276 456 3335 qui
468 3283 492 3321 et
501 3277 531 3322 de
541 3276 616 3323 Gallis
624 3285 725 3336 quatuor
735 3280 789 3337 post
799 3276 868 3323 annis
899 3286 924 3325 et
934 3279 1034 3325 calorem
1045 3285 1124 3336 auget,
1136 3278 1178 3323 bc.
1213 3275 1271 3321 ileo
1287 3274 1336 3319 ille.
1373 3273 1438 3318 Vide
1450 3274 1488 3318 Ca

266 3340 427 3400 triumpharit.
468 3341 491 3387 is
510 3348 546 3387 est
564 3356 635 3401 quem
656 3341 705 3388 suis
725 3342 868 3388 carminibus
900 3343 1002 3402 Rbodig.
1018 3343 1058 3388 lib.
1070 3343 1109 3388 28.
1122 3340 1221 3402 ιιρ.89.
1231 3339 1274 3386 ubi
1284 3338 1489 3399 explicatcrrrprt

266 3405 326 3451 adeo
335 3405 437 3452 celebrat
445 3406 561 3462 Tibullus,
572 3405 618 3453 bl.
631 3406 669 3453 ut
679 3406 702 3453 8.
714 3413 738 3453 et
748 3407 789 3452 lib.
800 3408 824 3453 4.
834 3406 868 3452 sie
899 3407 931 3454 sit
940 3407 1036 3454 renibus
1046 3405 1135 3451 unum

267 3469 363 3529 incipit:
934 3468 1047 3532 cannia]
1073 3470 1133 3521 Quis
1145 3469 1192 3524 ille,
1203 3484 1234 3516 an
1246 3468 1331 3529 Major,
1341 3483 1375 3515 an
1387 3468 1488 3514 Utioena

270 3533 302 3579 Te
307 3535 407 3581 Messala
414 3550 507 3588 casam
514 3553 642 3598 quanquam
651 3538 789 3598 lsacogss'la
796 3538 869 3583 ιινιιι
899 3545 923 3583 et
930 3537 1011 3597 junior
1020 3537 1030 3581 i
1049 3536 1085 3582 De
1093 3534 1200 3581 Uticensi
1208 3534 1316 3595 proditur
1325 3539 1392 3588 ιιιι,
1401 3533 1489 3592 integri

270 3597 358 3652 Terret,
369 3604 396 3644 st
406 3601 500 3659 iqtlrsroe
510 3603 601 3648 salem
611 3603 734 3649 subamara
744 3604 812 3648 uires.
901 3601 995 3648 duxiue
1004 3601 1245 3663 perpotandonoctea
1269 3599 1348 3645 Testis
1357 3599 1488 3644 Plutarcho

300 3661 323 3707 8.
340 3661 467 3724 Prome]
503 3666 554 3711 Hoc
567 3669 673 3726 jungunt
690 3666 730 3712 alii
746 3681 800 3712 cum
812 3680 867 3711 voce
899 3666 994 3725 aliique.
1029 3667 1068 3720 Et,
1085 3668 1139 3711 cum
1152 3664 1280 3711 Memmius
1291 3664 1392 3724 quidam
1409 3664 1436 3709 in
1452 3677 1489 3708 coo

268 3725 393 3780 dercesdn
404 3728 612 3791 aliicumjsbessle.
637 3730 869 3789 Qrdcquidsentisnt
899 3739 971 3777 reutu
982 3730 1087 3786 dixisset,
1104 3731 1220 3776 Catonem
1235 3737 1296 3775 totas
1314 3737 1397 3775 noctes
1415 3729 1442 3773 in
1455 3728 1488 3771 r'm

268 3788 351 3847 aliqui,
362 3792 428 3851 parri
439 3793 510 3838 refert
520 3794 550 3839 ad
562 3803 640 3840 utrum
652 3795 745 3841 reseras.
899 3809 1037 3856 permanere
1047 3802 1071 3841 et
1084 3795 1177 3840 ebrium
1193 3808 1253 3848 esse,
1269 3801 1381 3855 suscepto
1398 3807 1489 3839 mmor

302 3854 542 3919 Languidioraoiaa]
567 3860 691 3904 Senectute
702 3873 743 3904 seu
751 3868 866 3907 vetustate
900 3860 982 3906 Cicero
993 3860 1127 3920 respondit:
1140 3859 1206 3909 Quin
1218 3859 1285 3905 addis
1297 3859 1373 3904 etiam
1385 3868 1448 3904 totos
1459 3857 1488 3901 dis

268 3925 368 3971 matura,
397 3920 496 3976 mitiora,
525 3922 659 3967 salubriora.
708 3923 769 3969 Vide
796 3929 867 3986 supra
899 3925 951 3970 nied
961 3925 1059 3970 luderei
1085 3925 1175 3970 Seneca
1183 3924 1213 3970 dc
1223 3925 1311 3983 Tranq.
1320 3938 1373 3983 cap.
1386 3922 1425 3970 lb.
1445 3923 1488 3967 Cat

270 3982 337 4028 Oden
351 3981 387 4027 ld
399 3995 420 4026 r.
432 3984 471 4030 88.
483 3985 561 4044 ibique
573 3993 652 4031 annot
898 3989 984 4048 inquit,
995 3991 1045 4035 virro
1053 3989 1148 4035 ἱιιιόιι
1159 3991 1259 4034 aninum
1267 3991 1331 4034 caris
1338 3990 1445 4049 publicis
1447 3984 1488 4046 fat

301 4047 324 4093 8.
337 4046 389 4091 Noa
401 4047 446 4100 ille,
457 4064 584 4110 quanquam
594 4051 723 4106 Socraticis,
735 4048 789 4112 isc]
816 4053 867 4098 Etsi
896 4061 985 4115 gataur.
1014 4053 1060 4099 Ubi
1071 4053 1164 4113 Lipsius
1174 4054 1204 4098 de
1215 4053 1321 4099 Uticensi
1332 4053 1424 4099 diserte
1434 4053 1488 4112 erpi

269 4110 375 4165 refertus,
393 4109 417 4185 iri
428 4119 470 4166 est,
484 4113 588 4172 apprime
600 4113 727 4161 instructus
737 4127 772 4162 est
785 4117 866 4163 Corvi-
899 4129 943 4174 cat,
960 4120 1070 4179 huncque
1081 4118 1149 4164 affert
1162 4118 1255 4164 Horatii
1267 4117 1354 4173 iocum,
1374 4131 1449 4177 quem
1460 4120 1489 4176 jar

269 4189 313 4221 nus
325 4177 442 4220 Socratica
453 4184 476 4221 et
488 4178 627 4223 Academici
643 4180 802 4241 Philosophia,
820 4196 866 4228 non
900 4193 1031 4230 nactansua
1061 4184 1128 4230 idem
1139 4184 1199 4229 Cato
1209 4197 1318 4228 mensam
1329 4183 1439 4229 maxime
1451 4197 1488 4228 sm

269 4248 292 4286 te
305 4238 425 4299 despiciet,
436 4241 457 4284 0
468 4241 507 4301 pia
516 4248 589 4288 testa:
607 4251 631 4288 et
642 4259 777 4304 quanquam
789 4246 867 4292 madet
899 4263 979 4294 corum
990 4257 1111 4310 parentem
1121 4257 1145 4295 et
1160 4248 1343 4309 procreatricem
1354 4246 1489 4293 existimari

269 4313 331 4351 totus
347 4303 438 4364 placitis
449 4306 562 4363 eiusmodi
576 4309 738 4365 severioribus,
755 4310 819 4354 haud
831 4319 866 4355 ta·
899 4312 962 4357 idern
974 4316 1055 4359 solitus
1066 4323 1116 4360 erat
1127 4315 1205 4360 dicere
1217 4314 1337 4359 Cesarem
1348 4313 1460 4358 sobrium
1473 4327 1489 4357 ι

269 4384 324 4415 rnen
335 4369 422 4428 redigit
435 4368 552 4415 interdurn
570 4372 663 4418 madere
674 4373 746 4418 etiarn
758 4373 820 4428 vino,
837 4375 867 4420 ad
899 4377 995 4423 cessisse
1011 4379 1041 4423 ad
1054 4380 1206 4425 evertendam
1220 4377 1415 4439 Rempublicam.
1451 4378 1488 4422 vn

269 4435 392 4480 diluendas
413 4447 480 4479 curus
500 4434 657 4494 levandosque
680 4436 752 4482 animi
777 4436 867 4485 iabores
900 4441 958 4486 Coei.
971 4441 1072 4502 Rbodig.
1090 4442 1129 4488 lib.
1146 4443 1187 4489 28.
1202 4458 1252 4504 cap.
1269 4444 1292 4490 8
1304 4452 1329 4490 et
1340 4442 1383 4489 82
1421 4442 1455 4489 Aa
1465 4444 1488 4488 dr

269 4513 323 4544 suos
334 4513 377 4560 pro
386 4497 528 4558 Republici:
546 4513 600 4544 narn
612 4507 635 4545 et
645 4500 690 4546 boc
700 4501 765 4546 norit
775 4502 868 4561 sapien·
900 4514 978 4551 tamen
995 4515 1098 4566 arguunt
1109 4509 1225 4554 Catonem
1242 4508 1307 4554 bunc
1319 4507 1450 4569 juniorem
1467 4524 1488 4553 m

269 4563 602 4625 tissimocuiqueusurpatusn.
626 4565 691 4614 Plato
699 4565 779 4614 scribit
787 4567 866 4615 riuum
900 4570 963 4617 nime
981 4571 1020 4617 bic
1036 4573 1066 4618 ab
1084 4572 1183 4619 Horatio
1199 4573 1307 4620 iudicari.
1343 4573 1459 4622 Alterw
1476 4589 1488 4619 c
